2534 3866
160 191 199 252 6⁰
339 229 346 234 -
509 197 537 245 u.
555 197 650 244 eumn
664 195 813 244 summm

160 363 258 416 natam
271 359 302 410 ut
316 351 400 410 altius
417 349 598 410 demittantur
619 367 653 408 ea
675 366 748 426 quae
764 365 871 409 sumna
887 347 992 407 tellure
1009 345 1144 423 gaudent,

158 448 300 513 tanquam
319 435 463 509 fraxinus,
488 433 564 492 olea.
603 432 676 491 baec
703 440 732 491 et
753 432 854 492 similia
873 439 1029 509 quatemus
1051 429 1145 507 pedes

160 527 278 598 oportet
303 518 420 578 demitti.
462 516 568 575 ceteris
596 523 641 574 sat
667 515 821 576 altitudinis
851 514 943 592 pedes
973 513 1047 572 terni
1073 512 1145 572 ede·

159 603 260 663 oeriut.
280 599 325 638 *⁴¹
366 599 509 660 llxcide
534 597 719 673 radicem,
740 601 848 676 iuquit,
870 599 992 671 istam,
1015 595 1146 673 Papirius

160 684 271 746 Cursor
297 687 470 763 imperator,
499 681 535 740 ad
563 689 703 740 terrorem
731 681 978 742 Praenestinorum
1002 680 1171 757 praetorias

160 769 299 845 destringi
317 767 413 827 securi
426 766 513 827 iussa.
541 772 571 822 et
586 772 630 823 est
645 765 789 822 innoxium
804 763 902 823 abradi
917 764 1006 840 partis
1023 779 1096 839 quae
1112 779 1146 822 se

117 852 338 917 abundaverint.
365 849 467 908 Testae
482 845 588 925 uliqasi,
601 847 690 924 aliqui
703 846 814 924 lapides
829 845 967 906 rotundos
981 845 1073 906 subici
1086 863 1146 905 ma·

159 937 219 997 lunt
232 936 281 1015 qui
297 943 325 993 et
342 933 504 992 contineant
519 945 646 989 umorem
661 937 691 990 et
701 931 905 1004 transmittant,
927 945 985 988 nou
998 931 1066 989 item
1082 929 1154 1006 pla··

160 1037 212 1080 uos
228 1019 327 1078 iacere
342 1023 400 1074 eta
417 1021 533 1072 terreno
554 1029 655 1072 arcere
675 1014 802 1073 radicem
813 1013 1018 1073 existimantes.
1044 1011 1145 1087 glarea

117 1103 305 1166 83substrata
331 1099 405 1155 inter
424 1104 573 1173 utramque
599 1097 768 1156 sententiam
792 1096 887 1156 luerit.
922 1095 1064 1155 Arborum
1088 1113 1182 1159 neoro

89 1222 94 1235 ·
160 1187 297 1245 minorem
316 1179 390 1239 bima
409 1196 465 1238 neu
484 1182 621 1239 maiorem
640 1181 721 1239 trima
742 1180 900 1239 manslerre
925 1179 1040 1257 quidam
1059 1196 1144 1255 prae·

160 1267 282 1344 cipiunt,
305 1263 353 1322 alii
373 1279 436 1321 cunr
452 1280 552 1322 anuum
567 1262 718 1340 conpleat,
737 1259 810 1322 (lato
832 1263 1004 1322 crassiorem
1019 1262 1146 1340 quinque

159 1349 265 1426 digitis.
297 1344 361 1405 Non
378 1347 522 1405 omisisset
543 1346 633 1419 idem,
658 1346 682 1404 si
701 1346 850 1420 attineret,
872 1345 1055 1426 meridianam
1070 1345 1145 1404 caeli

159 1439 268 1512 partem
289 1431 405 1505 signare
425 1429 453 1486 in
475 1429 599 1502 cortice,
621 1437 651 1488 ut
669 1428 824 1488 translatae
845 1429 947 1488 iisdem
967 1437 997 1488 et
1016 1427 1145 1489 adsuetis

159 1521 350 1575 statuerentur
362 1511 453 1586 boris,
465 1530 502 1570 ne
513 1511 676 1589 aquiloniae
689 1512 852 1572 meridianis
868 1514 1020 1590 oppositae
1032 1511 1144 1571 solibus
1155 1529 1182 1568 1⁵

116 1609 151 1662 84
162 1597 351 1671 finderentur,
371 1604 400 1655 et
416 1595 547 1672 algerent
566 1595 739 1656 meridianae
755 1595 944 1673 aquilonibus.
974 1594 1087 1672 quode
1102 1594 1145 1654 di·

157 1697 244 1740 verso
260 1679 405 1740 adlectant
421 1680 504 1738 etiam
518 1678 631 1756 quidam
647 1680 675 1736 in
689 1679 747 1738 vite
765 1678 890 1757 duoque,
905 1686 1098 1756 permutantes
1116 1679 1145 1736 iu

159 1765 340 1824 contrarium.
366 1763 518 1822 densiores
528 1763 601 1820 enim
614 1761 685 1821 lolio
695 1763 734 1821 ita
748 1762 811 1822 lieri
822 1763 971 1840 magisque
984 1770 1144 1839 protegere

159 1847 280 1907 lruotum
305 1854 334 1904 et
354 1848 446 1905 minus
470 1848 617 1919 amittere,
644 1844 784 1922 licumque
809 1847 853 1905 sic
877 1846 962 1904 etiam
991 1844 1143 1904 scansilem
1254 1877 1255 1884 κ

159 1930 231 1989 fieri.
259 1929 391 2006 plerique
407 1929 435 1989 id
449 1928 560 1987 demum
577 1937 680 1988 cavent
699 1937 733 1988 ut
744 1929 829 2007 plaga
845 1928 973 2006 deputati
987 1928 1141 1988 cacuminis
1152 1947 1180 1986 ao

158 2011 306 2072 meridiem
327 2020 457 2088 spectet,
482 2012 574 2087 ignari
594 2012 704 2071 fissuris
724 2014 800 2072 nimii
819 2013 937 2089 vaporis
958 2011 1077 2089 opponi.
1113 2011 1143 2072 id

159 2095 272 2173 quidem
287 2096 317 2153 iu
336 2095 435 2154 boram
459 2094 516 2153 diei
531 2095 655 2173 quintam
672 2095 720 2154 vel
737 2104 868 2156 octavam
887 2105 1021 2173 spectare
1035 2093 1143 2154 malue-
1253 2115 1254 2118 ¹

116 2180 223 2240 85rim.
252 2177 355 2255 Aeque
376 2178 445 2246 latet
459 2194 516 2237 uon
534 2178 743 2256 neglegendum
759 2195 795 2237 ue
815 2178 929 2238 radices
947 2194 1025 2236 mora
1046 2179 1143 2238 iuare·
1253 2201 1254 2250 3

158 2270 240 2322 scant
252 2278 327 2320 neve
344 2278 361 2320 a
376 2262 617 2338 septentrionibus
635 2269 682 2321 aut
700 2261 736 2320 ab
759 2278 794 2322 ea
808 2270 890 2338 parte
906 2260 979 2320 caeli
995 2278 1087 2338 usque
1106 2260 1143 2320 ad
1253 2261 1254 2274 ¹

159 2354 289 2405 exortum
302 2343 458 2404 brumalem
471 2353 558 2404 rento
573 2345 657 2404 llante
674 2343 843 2405 effodiantur
856 2344 988 2418 arbores,
1003 2352 1050 2402 aut
1059 2351 1142 2404 certo
1152 2361 1181 2400 as

157 2446 214 2488 uon
228 2427 369 2486 adversae
389 2427 433 2484 his
454 2428 547 2486 ventis
563 2426 675 2486 radices
695 2426 905 2505 praebeantur,
926 2427 1143 2505 propterquod

159 2510 332 2570 emoriuntur
350 2509 456 2584 ignaris
477 2526 581 2568 causae
604 2511 750 2586 agricolis.
783 2506 855 2570 Cato
875 2511 966 2569 omnis
986 2519 1089 2568 ventos
1111 2519 1141 2569 et
1252 2579 1253 2600 Χ

116 2602 151 2656 86
161 2591 278 2652 imbrem
293 2607 407 2668 quoque
422 2592 451 2650 iu
464 2600 522 2651 tota
537 2593 721 2652 translatione
733 2594 853 2653 damnat.
868 2592 905 2652 Et
917 2592 951 2653 ad
964 2592 1038 2652 baec
1053 2593 1140 2670 prud·
1252 2619 1253 2667 p

157 2675 213 2734 erit
232 2691 314 2752 quam
334 2673 492 2752 plurumum
507 2683 602 2736 terrae
623 2677 651 2734 in
673 2693 728 2754 qua
743 2677 865 2736 vixerint
878 2675 1021 2736 radicibus
1033 2676 1139 2736 cubae·

158 2774 223 2816 rere
237 2764 355 2817 aototas
369 2759 497 2837 caespite
506 2753 703 2838 circumligari,
717 2779 780 2820 eum
790 2760 828 2819 ob
840 2759 868 2818 id
878 2757 950 2818 Cato
963 2761 991 2819 ia
1001 2759 1139 2820 corbibus
1149 2781 1179 2822 ao

157 2839 306 2901 transferri
321 2840 427 2920 iubeat,
442 2842 543 2920 procul
557 2841 642 2903 dubio
657 2845 814 2904 utilissime.
842 2842 918 2902 idem
932 2860 1067 2905 summam
1079 2851 1139 2903 ter·

157 2941 217 2984 raas
238 2932 386 2984 contentus
408 2933 453 2983 est
475 2925 565 2985 subdi.
608 2924 727 2997 Quidam
753 2927 863 3004 punicis
888 2927 970 2987 malis
992 2925 1139 2986 substrato

158 3007 254 3086 lapide
269 3024 326 3066 nou
339 3008 431 3084 rumpi
447 3023 559 3084 pomum
574 3007 602 3066 in
617 3009 766 3069 arboribus
780 3008 900 3070 tradunt
928 3009 1041 3068 radiues
1056 3009 1137 3068 inlle·

157 3109 210 3150 xes
224 3092 293 3169 poni
306 3091 417 3151 melius.
447 3091 578 3150 arborem
592 3093 682 3169 ipsam
696 3093 735 3150 ita
750 3090 885 3152 locariut
897 3092 989 3152 media
1000 3093 1038 3151 sit
1049 3093 1136 3152 totius

115 3180 150 3235 et
159 3172 271 3233 scrobis
294 3173 497 3234 neeessariam.
536 3171 621 3233 Ficus
644 3174 669 3234 si
693 3175 721 3232 iu
744 3173 826 3233 scilla
844 3207 886 3218 -
905 3172 1054 3234 bulborum
1078 3175 1174 3236 hocas

157 3273 249 3332 genus
264 3265 309 3317 est
321 3286 364 3302 -··
377 3265 503 3332 seratur,
525 3257 659 3317 ocissime
677 3256 755 3316 ferre
770 3257 889 3316 traditur
904 3273 1018 3334 pomam
1038 3275 1134 3335 neque
1250 3297 1251 3340 ,

157 3337 381 3398 vermiculationi
398 3338 566 3415 obnoxium,
581 3356 639 3419 quo
657 3338 725 3398 vitio
749 3346 847 3399 carent
867 3339 979 3417 reliqua
997 3357 1081 3418 poma
1095 3342 1133 3400 si·

158 3419 262 3479 militer
282 3429 355 3494 sata.
382 3422 514 3484 radicum
537 3425 599 3485 eius
617 3439 749 3499 maguam
768 3420 954 3484 adhibendam
974 3440 1084 3500 omem,
1104 3431 1134 3484 ut
