2552 3866
167 231 226 296 184
510 235 814 289 c.u1.1u1seonnn1

163 410 293 460 maxume
308 394 445 469 nascitur,
462 409 568 454 erucae
585 393 689 470 simile,
707 391 823 454 cubitali
833 392 990 468 altitudine,
1004 391 1076 452 flore
1091 391 1173 452 rufo·

165 491 194 544 et
214 482 342 561 protinus
363 477 503 553 deciduo,
523 475 597 536 uude
616 484 647 534 et
666 491 770 537 nornen
787 493 803 538 a
823 474 944 538 Graccis
958 476 1082 555 accepit.
1111 473 1154 535 De

122 586 192 630 aas
204 564 324 644 reliquis
344 560 501 640 generibus
521 561 675 638 papaveris
690 569 793 640 sponte
814 562 961 624 nascentis
980 561 1108 622 dicemus
1127 561 1155 619 iu

162 649 322 709 medicinae
336 647 414 706 loco.
443 644 533 704 luisse
549 651 644 702 antem
660 643 689 702 iu
703 645 814 705 honore
828 644 904 724 apud
918 643 1063 706 Romanos
1082 661 1154 704 sem·
1257 711 1258 714 Ἴ

163 751 217 812 per
237 731 342 792 indicio
360 737 405 790 est
422 727 590 805 Tarquinius
606 726 770 805 Superbus,
787 731 836 807 qui
852 729 957 805 legatis
979 745 995 788 a
1015 728 1074 788 lilio
1091 728 1177 787 mis-s

163 817 204 877 sis
218 815 390 877 decutiendo
409 808 556 891 papavera
570 810 598 870 in
613 810 698 870 horto
713 811 851 873 altissima
863 813 1074 890 sanguinarium
1086 811 1155 873 illud

162 917 336 980 responsum
351 898 406 957 hac
419 895 489 956 lacti
501 891 623 971 ambage
638 895 771 956 reddidit.

122 991 173 1049 llo
236 984 319 1062 (54.)
342 981 452 1041 humus
467 977 524 1036 alio
543 977 677 1039 comitatu
689 979 872 1062 aequinoctio
888 979 1013 1040 autumni
1025 987 1157 1040 seruntur
1258 979 1259 982 ’

164 1066 354 1138 coriandrum,
374 1069 496 1135 ancum,
512 1061 647 1140 atriplex,
661 1064 766 1140 malva,
782 1063 943 1142 lapathum,
958 1063 1156 1138 caerelolinm,

164 1150 241 1230 quod
254 1147 411 1228 paederota
422 1141 527 1204 Graeci
539 1155 655 1222 vocant,
672 1156 702 1207 et
712 1149 881 1208 acerrimum
898 1152 1010 1226 sapore'
1022 1147 1157 1225 igneique
1169 1167 1195 1210 rc

163 1234 283 1294 edoctus
299 1247 333 1290 ao
349 1229 566 1289 saluberrimum
583 1231 700 1308 corpori
711 1232 815 1308 sinapi,
831 1231 910 1291 nulla
922 1232 1042 1310 cultura,
1058 1231 1159 1292 melius

160 1325 256 1377 tamen
272 1314 368 1393 planta
385 1309 498 1372 tralata.
528 1311 627 1389 quine
643 1313 760 1372 diverso
775 1315 824 1371 uix
836 1321 881 1372 est
893 1322 957 1374 sato
968 1315 1060 1374 semel
1075 1331 1111 1373 eo
1126 1315 1159 1374 li·
1259 1355 1260 1376 r

123 1401 283 1465 reiterare
296 1397 408 1472 locum,
432 1395 565 1472 quoniam
580 1411 681 1453 semen
697 1395 804 1455 cadens
821 1395 952 1472 protinus
971 1397 1055 1456 viret.
1083 1397 1159 1456 Usus

164 1483 225 1544 eius
252 1481 336 1542 etiam
364 1496 418 1558 pro
443 1477 633 1556 pulmentario
660 1479 689 1538 in
715 1477 832 1556 patellis
853 1477 994 1552 decocto,
1028 1479 1099 1538 citra
1117 1480 1158 1538 in-

162 1565 310 1627 tellectum
330 1563 513 1624 acrimoniae.
553 1561 692 1630 cocuntn'r
711 1570 740 1622 et
761 1561 848 1638 lolia,
880 1561 954 1622 siout
978 1562 1158 1641 reliquorum
1169 1589 1198 1632 1⁵

164 1651 285 1712 olerum.
321 1653 386 1710 sunt
408 1654 501 1708 autem
519 1645 602 1707 trium
616 1662 770 1723 generum:
789 1663 874 1706 nuum
891 1645 1019 1723 gracile,
1038 1646 1158 1706 alterum
1173 1664 1186 1682 ³

163 1733 257 1795 simile
276 1733 338 1811 rapi
359 1731 453 1806 loliis,
480 1730 594 1791 tertium
621 1747 737 1791 erucae.
770 1747 870 1790 semen
892 1735 1039 1807 optumum
1059 1730 1158 1807 Aegy·

164 1819 261 1899 ptium.
303 1815 497 1875 Athenienses
530 1831 606 1892 napy
633 1814 868 1894 appellaverunt,
896 1811 945 1873 alii
970 1813 1081 1893 thapsi,
1111 1813 1159 1874 alii

166 1917 291 1963 sanrron.
1011 1921 1016 1946 u

123 1994 173 2050 sta
236 1982 319 2060 (55.)
333 1980 468 2059 Serppllo
481 1990 511 2041 et
521 1980 673 2056 sisymbrio
690 1990 803 2042 montes
814 1981 948 2061 plerique
958 1989 1087 2056 scatent,
1103 1981 1158 2041 sic·
1168 1995 1198 2036 un

163 2075 195 2126 ut
212 2063 336 2125 Threcii.
368 2067 467 2143 utique
485 2063 627 2134 deferunt¹
638 2083 677 2125 ex
690 2065 733 2125 his
751 2065 869 2126 avolsos
881 2082 978 2125 ramos
991 2072 1158 2143 acuuntque,

164 2150 231 2208 item
249 2149 375 2224 Sicyone
390 2165 427 2208 ex
442 2149 500 2208 suis
514 2149 657 2210 montibus
668 2157 699 2208 et
713 2149 833 2210 Athenis
848 2166 886 2210 ex
898 2148 1044 2224 Hymetto.
1075 2147 1160 2208 simili
1261 2153 1262 2218 l

162 2231 249 2293 modo
266 2241 295 2292 et
310 2229 490 2307 sisymbrium
502 2241 610 2292 serunt.
632 2230 816 2294 laetissimum
829 2233 997 2295 nascituris
1007 2241 1160 2311 puteorum
1261 2237 1262 2244 ’

163 2316 321 2396 parietibus
336 2324 365 2374 et
380 2317 458 2376 circa
474 2317 602 2394 piscinas
616 2333 651 2375 ac
666 2324 777 2392 stagna.
1029 2375 1034 2390 ‚

122 2406 174 2464 1ta
242 2400 272 2460 9.
296 2399 379 2477 (56.)
399 2399 521 2474 Reliqua
539 2392 759 2458 sunt'lerulacel
776 2400 912 2478 generis,
935 2417 988 2458 ceu
1002 2397 1197 2458 feniculumas

32 2545 41 2566 x
133 2504 151 2545 s,
162 2503 186 2537 or
208 2482 357 2558 anguibus,
374 2491 405 2540 ut
418 2481 549 2558 diximus,
562 2481 765 2560 gratissimum,
783 2484 818 2543 ad
840 2481 1000 2544 condienda
1014 2482 1159 2560 pluruma,

122 2583 151 2627 sa,
160 2582 192 2617 m
206 2581 269 2624 cum
281 2565 393 2623 inaruit.
416 2564 501 2642 eique
512 2581 652 2644 perquam
663 2566 762 2626 similis
777 2567 905 2646 thapsia,
918 2565 955 2626 de
968 2583 1024 2645 qua
1036 2565 1158 2626 diximus

163 2649 238 2707 inter
254 2656 390 2707 externos
406 2647 535 2708 frutices.
553 2647 656 2710 deinde
671 2648 821 2711 utilissima
836 2648 951 2710 funibus
963 2648 1099 2710 cannabis
1110 2667 1158 2708 se·

163 2729 234 2790 ritur
249 2747 265 2790 a
280 2730 407 2793 favonio.
437 2747 494 2809 quo
512 2732 630 2793 densior
640 2741 685 2793 est
697 2750 732 2793 eo
745 2734 866 2794 tenuior.
894 2750 993 2794 semen
1004 2733 1077 2809 eins,
1094 2749 1159 2794 cum

69 2819 75 2836 ⁸
163 2820 208 2873 est
222 2821 377 2891 maturum,
391 2813 427 2877 ab
446 2817 627 2894 aequinoctio
643 2820 765 2877 autumni
780 2817 955 2894 distringitur
975 2825 1005 2876 et
1029 2815 1093 2876 sole
1110 2825 1198 2877 autao

122 2903 265 2959 1ttrento
283 2905 331 2959 aut
345 2899 425 2959 inmo
438 2900 571 2961 siccatur.
602 2901 665 2978 ipsa
680 2900 815 2961 cannabis
831 2900 948 2961 vellitur
970 2909 1038 2980 post
1058 2899 1158 2960 vinde·

162 2983 244 3043 mium
261 2999 295 3045 ac
313 2981 557 3045 lucubrationibus
577 2982 754 3046 decorticata
775 2993 921 3062 purgatur.
953 2993 1067 3064 optuma
1087 2984 1158 3046 Ala·
1207 3029 1210 3032 -

161 3064 293 3142 haudioa,
310 3065 458 3146 plagarum
475 3067 633 3146 praecipue
647 3066 755 3128 usibus.
781 3068 835 3128 tria
844 3068 906 3130 eius
919 3067 958 3126 ihi
967 3085 1087 3144 genera.
1115 3070 1158 3128 in·

162 3149 299 3227 probatur
314 3151 416 3210 cortici
432 3167 601 3228 proxumum
615 3159 663 3212 aut
677 3150 837 3228 medullae,
861 3151 1056 3213 laudatissinm
1077 3161 1123 3213 est
1138 3169 1157 3212 e
1261 3161 1262 3166 ’

161 3231 256 3292 medio
274 3251 346 3311 quae
363 3250 442 3293 mesa
456 3242 586 3310 vocatur,
604 3234 729 3296 secunda
741 3233 880 3311 Mylasea.
909 3234 986 3313 quod
999 3236 1035 3296 ad
1049 3253 1155 3315 proce·
1166 3243 1197 3286 ³⁵

162 3315 275 3376 ritatem
289 3317 402 3396 quidem
415 3318 522 3397 attinet,
538 3315 636 3379 Rosea
649 3318 710 3395 agri
723 3318 821 3379 Sabini
833 3318 967 3380 arbomm
978 3319 1157 3380 altitudinem

122 3404 214 3462 17512.
229 3417 263 3452 ¹2³
282 3409 394 3480 aequat.
421 3399 546 3462 Ferulae
567 3402 623 3463 duo
642 3417 752 3479 genera
774 3403 803 3462 in
822 3404 986 3482 peregrinis
1005 3403 1157 3464 fruticibus

163 3482 292 3542 diximus.
315 3499 423 3544 semen
440 3486 502 3544 eius
517 3487 546 3545 in
559 3484 641 3547 ltalia
656 3483 737 3548 cibus
755 3494 809 3547 est.
843 3487 974 3548 conditur
983 3488 1091 3567 quippe
1102 3487 1156 3548 dn·
