2534 3866
188 206 228 268 66
265 246 269 255 ι
529 214 559 262 c.
576 213 837 262 en1u1snouun1

186 370 304 468 ligatu-m
324 369 437 428 insitum
462 368 615 444 intritaque
630 367 739 426 inlitum
759 368 875 444 operire
890 373 968 426 terra
980 367 1097 426 calamis
1113 367 1176 426 sub·

144 465 195 518 116
206 455 311 514 rectus
352 461 449 512 nostra
469 459 549 510 aetas
572 451 700 508 correxit
716 457 754 508 ut
770 448 879 509 Gallica
906 459 1035 509 uteretur
1064 449 1176 512 terebra

187 556 260 616 quae
278 545 400 597 excavat
415 553 470 594 nec
487 534 553 632 urit,
569 533 703 610 quoniam
719 534 830 593 adustio
847 550 939 592 omnus
949 533 1078 609 hebetat
1095 543 1202 612 atque

185 630 215 680 ut
241 638 441 698 gemmascere
464 618 604 695 incipiens
629 614 744 690 legatur
767 616 910 692 calamus,
933 635 989 677 neo
1010 617 1075 695 plus
1098 635 1176 694 quam

186 705 260 764 binis
283 705 319 764 ab
341 704 436 763 insito
452 701 592 760 emineret
614 699 725 771 oculis,
754 699 946 760 ulmivimine
966 701 1094 799 adligato
1114 700 1200 762 binas
1252 751 1253 762 ι

187 789 413 849 circumdaretur
421 786 455 826 **
473 785 536 844 acic
552 800 568 841 a
583 780 693 841 duabus
715 781 861 859 partibus,
887 793 918 843 ut
936 785 1003 844 inde
1019 786 1113 862 potius
1129 785 1175 845 de·
1252 797 1253 870 ι

187 858 311 932 stillaret
326 887 427 940 mucor
442 868 489 946 qui
503 883 635 926 maxume
658 865 725 924 vitis
745 864 869 924 infestat.
902 867 1006 928 deinde
1029 887 1092 928 cum
1112 887 1175 929 eva·
1252 877 1253 904 ¹

188 956 321 1015 luissent
334 952 451 1029 flagella
476 950 569 1028 pedes
596 948 697 1024 binos,
724 948 868 1008 vinculum
893 950 968 1009 insiti
993 953 1175 1028 incideretur,

145 1037 331 1104 lrtnbertati
352 1033 541 1096 crassitudine
566 1033 717 1112 permissa.
749 1031 862 1090 Vitibus
886 1033 1047 1104 inserendis
1068 1045 1176 1114 tempus

98 1181 100 1186 .
187 1122 295 1182 dedere
310 1119 346 1180 ab
363 1119 546 1196 aequinoctio
564 1125 696 1177 autumno
715 1115 751 1176 ad
765 1117 980 1192 germinationis
994 1119 1080 1180 initia.
1106 1121 1175 1179 Sati·
1188 1141 1213 1182 ro

185 1223 240 1264 vae
253 1205 370 1282 plantae
392 1202 567 1260 silvestrium
589 1199 735 1260 radicibus
761 1203 924 1260 inseruntur
938 1209 1038 1265 natura
1052 1204 1177 1263 sicciori·

186 1288 251 1346 bus.
285 1288 314 1345 si
326 1288 435 1346 sativae
451 1284 634 1352 silvestribus
650 1285 828 1359 inserantur,
844 1284 1027 1360 degenerant
1042 1285 1070 1342 in
1084 1285 1178 1348 ferita-

68 1376 76 1383 '
187 1380 254 1430 tem.
303 1369 426 1448 Reliqua
454 1369 540 1428 caelo
571 1376 713 1428 constant.
760 1368 907 1445 aptissima
935 1368 1026 1426 insitis
1055 1369 1178 1429 siccitas.

189 1453 272 1512 huius
288 1455 361 1512 enim
377 1453 533 1513 remedium
552 1451 695 1530 adpositis
711 1451 846 1511 lrctilibus
861 1450 1086 1510 vasis-modicus
1101 1470 1181 1513 umor

188 1555 242 1616 per
255 1538 380 1597 cinerem
397 1535 555 1596 destillans.
584 1535 740 1595 inoculatio
756 1552 839 1594 rores
856 1544 929 1595 amat
945 1534 1029 1594 leuis.
1190 1556 1214 1596 ιι

140 1631 198 1685 ’118
263 1623 311 1684 16.
334 1620 416 1700 (26.)
437 1619 642 1699 Emplastratio
664 1627 693 1678 et
712 1619 775 1698 ipsa
794 1619 989 1678 inoculatione
1005 1627 1069 1679 nata
1089 1619 1180 1680 videri

159 1777 163 1784 Ι
187 1705 295 1785 potest,
310 1723 409 1766 crasso
427 1714 521 1765 autem
536 1718 667 1763 maxume
681 1704 782 1767 cortici
799 1703 942 1778 convenit,
961 1704 1036 1763 sicut
1052 1712 1096 1764 est
1108 1704 1179 1766 licis.

188 1807 260 1866 ergo
277 1790 429 1868 amputatis
445 1787 574 1848 omnibus
588 1788 685 1863 ramis,
698 1805 735 1846 ne
753 1805 852 1846 sucum
868 1796 1001 1862 avocent,
1014 1787 1180 1848 nitidissimo

187 1875 216 1932 in
230 1882 327 1952 parte
335 1889 449 1950 quaque
470 1872 627 1956 praecipua
648 1879 782 1930 cernatur
797 1871 943 1946 hilaritas,
966 1880 1101 1968 exempta
1116 1890 1180 1932 scu-
1252 1869 1253 1942 l

188 1956 256 2026 tula
271 1957 310 2015 ita
329 1973 366 2014 ne
388 1943 546 2014 descendat
567 1954 641 2014 ultra
657 1957 797 2014 corticem
819 1955 943 2029 serrum,
968 1948 1128 2033 inprimitur
1144 1973 1216 2015 exau

188 2039 244 2106 alia
262 2047 364 2106 corten
379 2056 432 2137 par
453 2055 522 2097 oum
539 2029 582 2097 sui
597 2040 734 2115 germinis
750 2055 878 2113 mamma,
902 2039 946 2098 sic
962 2055 1096 2117 conpage
1113 2040 1182 2099 den·

87 2131 94 2138 '
188 2131 250 2186 sata
262 2132 292 2182 ut
303 2123 431 2182 cicatrici
445 2121 527 2182 locus
541 2139 599 2181 non
612 2124 648 2182 sit
660 2132 689 2182 et
702 2124 796 2182 statim
808 2122 857 2181 liat
868 2122 971 2198 unitas,
985 2140 1041 2182 nec
1052 2141 1181 2184 umorem

189 2225 249 2270 nec
259 2205 392 2276 adllatum
407 2207 568 2295 recipiens,
580 2205 771 2266 'nibilominus
792 2214 886 2264 tamen
907 2215 935 2265 et
951 2206 1012 2266 luto
1026 2209 1138 2267 munire
1154 2217 1183 2267 et

149 2299 200 2354 119
212 2290 328 2362 uinculo
351 2289 465 2353 melius.
496 2285 563 2348 Hoc'
585 2307 678 2366 genus
699 2305 756 2347 non
777 2289 887 2367 pridem
910 2299 1058 2367 repertum
1081 2292 1183 2351 volunt

191 2377 238 2453 qui
254 2375 335 2432 novis
349 2373 477 2434 moribus
492 2372 606 2446 fauent,
629 2371 683 2431 sed
704 2381 733 2430 et
751 2373 805 2430 iam
821 2372 897 2450 apud
912 2382 1030 2433 veteres
1051 2374 1181 2436 Graecos
1191 2392 1217 2432 as

188 2457 330 2516 invenitur
351 2465 380 2516 et
400 2454 482 2553 apud·
499 2451 655 2530 Catonem,
679 2455 727 2533 qui
747 2455 841 2514 oleam
862 2455 1005 2534 licumque
1030 2459 1073 2517 sic
1093 2459 1183 2519 inseri

188 2541 270 2599 iussit
290 2556 422 2598 mensura
444 2538 550 2598 etiam
545 2538 700 2615 praefinita
722 2539 878 2598 secundnm
899 2541 1040 2619 reliquam
1057 2542 1182 2620 diligen·

189 2623 254 2681 tiam
269 2639 364 2698 suam,
385 2623 516 2682 cortices
527 2620 643 2700 scalpro
662 2622 757 2682 excidi
770 2632 904 2700 quattuor
919 2623 1072 2700 digitorum
1086 2625 1184 2703 longi·

188 2705 285 2765 tudine
306 2715 336 2766 et
357 2706 440 2765 trium
460 2704 607 2764 latitudine
629 2713 715 2784 atque
737 2707 775 2766 ita
793 2705 990 2782 coagmentari
1007 2719 1035 2768 et
1055 2709 1106 2769 illa
1130 2729 1185 2769 sua

131 2841 134 2846 ,
189 2789 397 2866 intrita‘oblini,
414 2786 516 2849 eadem
530 2791 642 2848 ratione
658 2798 687 2848 et
701 2791 729 2848 in
743 2790 829 2849 malo.
860 2787 981 2862 Quidam
994 2792 1061 2852 huic
1074 2795 1184 2869 generi
1195 2810 1220 2850 uo

189 2873 331 2932 miscuere
348 2873 476 2932 lissuram
498 2874 527 2931 in
541 2871 661 2948 vitibus,
685 2882 818 2950 exempta
836 2874 939 2934 cortici
954 2876 1090 2949 tessella,
1111 2895 1185 2937 sur·

149 2967 198 3020 120
212 2958 277 3017 culo
293 2975 310 3017 a
330 2955 421 3016 latere
443 2955 529 3033 plano
550 2955 702 3032 adigendo.
738 2955 794 3014 Tot
810 2955 901 3015 modis
916 2959 1027 3018 insitam
1043 2958 1187 3020 arborem

189 3042 309 3101 vidimus
330 3041 407 3099 iuxta
421 3037 554 3099 Tiburtes
570 3039 685 3099 (lbulias
706 3038 783 3097 omni
803 3057 913 3115 genere
935 3058 1083 3118 pomorum
1109 3061 1185 3103 onu-

189 3133 271 3200 stam,
290 3121 439 3183 alio'remo
455 3122 586 3200 nucibus,
604 3123 661 3183 alio
677 3122 768 3198 bacis,
784 3123 900 3183 aliunde
915 3125 984 3202 uite,
1002 3126 1082 3204 piris,
1102 3127 1186 3205 licis,

190 3209 300 3284 punicis
320 3206 517 3306 malorumque
536 3207 701 3283 generibus.
742 3207 795 3266 sed
822 3206 888 3266 lruic
910 3207 1007 3268 brevis
1029 3210 1082 3271 luit
1107 3212 1184 3272 vita.
1197 3230 1223 3272 ιι

190 3308 245 3348 neo
264 3299 358 3350 tamen
381 3293 474 3350 omnia
499 3291 702 3369 experimentis
723 3290 842 3368 adsequi
863 3301 990 3352 naturam
1010 3311 1185 3372 possumus.

109 3369 116 3373 ’
190 3373 328 3452 quaedam
352 3376 426 3435 enim
446 3376 526 3435 nasci
546 3375 600 3434 nisi
620 3382 724 3451 sponte
745 3374 823 3433 nullo
840 3376 925 3436 modo
942 3385 1062 3455 queunt,
1079 3396 1187 3476 eaque

147 3467 196 3521 121
208 3458 349 3538 inmitibus
370 3468 475 3520 tantum
495 3467 525 3519 et
545 3458 669 3519 desertis
684 3457 758 3518 locis
773 3462 952 3536 proveniunt.
986 3463 1186 3539 capacissima
