2534 3866
217 159 222 171 ¹
312 175 718 254 nnn.1s1sn.xv1.4a-44.
735 191 886 275 (os—91.)
1049 194 1090 256 43

163 352 248 434 (88.)
270 355 341 416 Sunt
355 363 490 418 aucwres
508 353 717 437 etDelphioam
728 357 872 436 platanum
882 358 1132 437 Agamemno-238

103 441 145 501 nis
166 456 249 500 mann
271 448 362 500 satam
379 447 409 498 et
426 437 596 500 altenam'in
610 437 738 520 Gaplnyis
755 441 898 502 Arcadiae
920 444 995 503 luco.
1027 454 1091 505 sunt

16 599 18 606 y
103 523 189 584 lnodie
202 541 240 582 ex
250 522 375 586 adverso
386 521 530 584 Iliensium
540 523 618 584 urbis
628 525 708 584 iuxta
714 523 932 604 Hellespontum
940 525 1091 588 Protesilai
1105 583 1108 596 ,

103 611 130 668 in
144 606 301 686 sepulchro
315 605 437 668 arbores
454 625 528 688 quae
548 607 678 669 omnibus
693 625 731 668 er
745 625 782 668 eo
798 611 890 686 aevis,
909 627 973 670 oum
986 611 1015 671 in
1029 621 1088 673 tan·
1123 675 1127 682 ,

81 702 160 754 stum
185 691 345 753 adoravere
375 699 407 750 ut
432 689 513 752 llium
536 692 713 771 adspiciunt,
741 693 906 753 inarescunt
933 709 1089 774 rursusque

101 776 279 840 adulescunt.
319 775 397 835 iuxta
424 775 522 836 urbem
537 785 631 839 antem
648 792 773 854 quercus
793 777 821 834 in
841 775 876 836 lli
896 777 1003 838 tumulo
1023 787 1090 844 tunc
1168 794 1171 798 ·

102 869 180 922 satae
197 859 338 934 dicuntur,
354 877 417 919 cum
433 860 533 937 coepit
545 857 627 918 itinn
643 860 752 919 uocari.
1126 868 1129 872 ’

162 942 246 1021 (89.)
268 941 355 1020 Argis
373 943 439 1003 olea
455 944 615 1003 etiamnunc
634 943 739 1003 durare
758 943 863 1004 dicitur
886 943 920 1004 ad
937 960 1021 1022 quam
1037 942 1068 1005 lo
1079 954 1132 1009 239
1188 1003 1192 1014 .

101 1029 130 1088 in
143 1037 253 1088 taurum
268 1033 403 1088 mutatam
417 1026 515 1102 Argus
536 1025 715 1104 adligaverit.
746 1027 775 1089 in
794 1027 885 1087 l’onto
907 1029 985 1089 circa
999 1027 1089 1089 Hera·

71 1129 93 1171 ac
103 1112 194 1172 oleam
209 1127 277 1170 arae
291 1108 443 1170 suntloris
455 1108 623 1189 Στρατίου
634 1111 817 1188 cognanum,
830 1111 869 1173 ibi
881 1128 1005 1190 quercus
1016 1111 1090 1172 duae

16 1191 18 1238 Ψ
102 1195 138 1256 alt
151 1194 383 1260 Herculesatae.
410 1194 442 1273 in
451 1193 555 1253 eodem
566 1201 657 1255 tractu
668 1203 770 1271 portua
784 1193 886 1270 Amyci
900 1204 945 1254 est
956 1195 1089 1271 Bebryca

99 1297 172 1357 rege
196 1277 349 1338 interiecto
371 1277 476 1337 clarus.
512 1276 575 1340 eins
597 1276 720 1337 tumulus
742 1293 760 1337 a
781 1295 917 1357 supremo
937 1279 985 1339 dic
1006 1279 1088 1340 lauro

100 1364 207 1441 tegitur
222 1379 306 1440 quam
321 1361 448 1421 insanam
462 1369 576 1435 vocant,
592 1361 735 1439 quoniam,
758 1363 783 1421 si
798 1363 864 1441 quid
880 1379 918 1424 cx
935 1379 970 1424 ea
985 1363 1087 1424 decer·
1249 1417 1250 1442 ,

100 1457 179 1527 ptum
192 1445 330 1506 inferatur
340 1443 472 1519 ,navibus
488 1444 581 1521 iurgia
592 1444 670 1515 liunt,
684 1445 778 1506 donec
792 1445 940 1506 abiciatur.
965 1445 1131 1524 Regio-udo
1249 1465 1250 1468 ’

70 1552 92 1592 rs
100 1549 166 1592 nem
172 1528 357 1590 Aulocrenen
369 1529 488 1589 diximus
500 1544 554 1606 per
562 1546 646 1606 quam
652 1527 782 1607 Apamea
794 1531 822 1588 in
833 1528 983 1608 Phrygiam
995 1532 1059 1592 itur.
1072 1557 1130 1597 nnec

101 1615 141 1676 ibi
155 1613 287 1692 platanus
303 1612 463 1673 ostenditur
478 1629 516 1672 er
528 1629 583 1691 qna
600 1611 773 1690 pependerit
789 1611 919 1687 Marsyas
937 1615 1031 1675 victus
1050 1614 1086 1676 ab
1116 1650 1120 1659 ι

101 1697 257 1778 Apolline,
283 1713 357 1775 quac
377 1697 433 1756 iam
453 1704 511 1755 tum
532 1693 724 1772 magnitudine
746 1692 840 1754 electa
861 1703 914 1755 est.
956 1715 1011 1756 nee
1030 1714 1086 1757 non

100 1782 194 1861 palma
204 1779 271 1840 Deli
287 1779 323 1840 ah
335 1778 463 1839 ciusdem
475 1779 523 1840 dei
537 1787 631 1840 aetate
646 1778 832 1856 conspicitur,
845 1777 994 1857 Olympiae
1007 1780 1086 1840 olea·

100 1876 161 1926 ster
170 1883 209 1926 ex
220 1881 277 1943 quo
289 1865 397 1943 primns
405 1860 546 1922 Hercules
560 1871 782 1938 ccrcnctnscst,
800 1871 829 1922 et
843 1879 918 1922 nuuc
929 1863 1087 1923 custoditur
1126 1863 1127 1868 ’

16 2005 17 2024 ,
68 1950 215 2028 rereligio.
257 1947 379 2007 Athenis
397 1962 513 2024 quoque
534 1945 601 2006 olea
620 1945 724 2007 durare
739 1946 860 2008 traditur
878 1947 908 2006 in
930 1947 1086 2008 certamine
1121 2007 1124 2014 ,

16 2029 18 2130 Ι
99 2033 176 2094 edita
191 2051 208 2092 a
222 2030 360 2096 llinenva

163 2115 247 2194 (90.)
270 2113 317 2174 Ex
327 2114 443 2174 diverso
458 2111 627 2180 breuissima
637 2113 695 2174 vita
708 2120 754 2172 est
764 2113 885 2191 punicis,
895 2114 961 2190 lico,
973 2114 1065 2188 malis,
1077 2123 1127 2177 att

100 2210 129 2261 et
144 2218 183 2260 ex
197 2199 241 2259 lnis
258 2195 451 2277 praecocibus
465 2195 582 2255 brevior
597 2213 678 2274 qnam
696 2196 839 2275 serotinis,
856 2197 987 2256 dulcibus
1003 2215 1085 2276 quam

99 2285 209 2359 acutis,
232 2291 262 2342 et
276 2280 398 2342 dulciori
412 2280 441 2339 in
455 2279 582 2358 punicis,
604 2281 672 2340 item
686 2280 714 2339 iu
729 2277 849 2355 vitibus,
870 2280 1085 2358 praecipueque

69 2366 298 2430 stertitionibus.
330 2363 486 2424 Graecinus
510 2372 611 2424 auctor
631 2371 676 2424 est
693 2363 847 2440 sexagenis
867 2364 947 2424 aunis
966 2361 1085 2421 durasse
1118 2421 1122 2429 ,

100 2453 176 2514 vitis
206 2445 361 2509 'Videntur
385 2456 415 2508 et
440 2447 590 2524 aquaticae
618 2447 742 2508 celerius
766 2447 904 2508 interire:
932 2453 1086 2506 senescunt
1150 2469 1157 2490 s

101 2536 219 2616 quidem
233 2533 387 2606 velociter,
401 2530 454 2592 sed
471 2549 488 2590 e
502 2530 645 2601 radicibus
659 2530 843 2612 repullulant,
859 2531 955 2592 laurus
976 2539 1004 2590 et
1020 2528 1085 2589 mali

16 2651 17 2660 κ
101 2630 130 2681 et
153 2619 287 2699 punicae.
321 2615 497 2674 firmissimae
522 2631 594 2692 ergo
614 2615 649 2675 ad
669 2616 819 2677 vivendum
838 2615 938 2692 oleae,
964 2623 994 2674 ut
1015 2631 1084 2692 quas

101 2703 205 2764 durare
224 2701 303 2760 aunis
321 2711 364 2759 cc
379 2699 453 2758 inter
468 2707 602 2756 meteres
618 2698 779 2757 conveniat.
866 2708 870 2715 “

70 2801 93 2843 ao
166 2786 251 2864 (91.)
274 2781 327 2843 Est
342 2783 370 2840 in
384 2778 548 2841 suburbano
563 2778 714 2839 Tusculani
733 2779 887 2858 agricolis
904 2781 951 2859 qui
970 2778 1065 2840 Corne
1076 2789 1126 2841 att

101 2869 267 2948 appellatur
286 2865 366 2926 lucus
386 2865 499 2941 antiqua
517 2861 658 2938 religione
681 2861 789 2922 Dianae
808 2871 938 2934 sacratus
959 2861 1083 2936 elatio,
1118 2921 1123 2926 ,

102 2954 182 3015 velut
193 2959 255 3012 arte
265 2949 361 3009 tonsili
374 2965 455 3008 coma
466 2947 544 3023 lagei
555 2947 688 3005 nemoris.
707 2945 736 3004 in
748 2945 804 3006 lroc
815 2945 947 3006 arborem
954 2944 1085 3004 eximiam

16 3039 20 3104 l
102 3046 199 3097 aetate
218 3043 317 3094 nostru
337 3032 439 3092 amavit
459 3028 610 3090 Passienus
634 3027 751 3108 Crispus
771 3028 815 3088 bis
838 3028 954 3104 consul,
975 3035 1118 3102 orator„

103 3120 283 3199 Agrippinae
304 3114 480 3178 matrimonio
503 3122 532 3172 et
551 3110 667 3172 Nerone
687 3113 819 3192 privigno
845 3112 950 3174 clarior
970 3117 1084 3190 postea,

16 3199 17 3280 j
70 3215 93 3258 tt
104 3204 232 3265 osculari
249 3199 452 3278 conplectique
467 3215 529 3257 eam
545 3195 661 3271 solitus,
683 3214 740 3256 non
754 3195 839 3256 modo
856 3195 960 3257 cubare
977 3192 1030 3254 sub
1050 3212 1084 3255 ea

104 3289 259 3366 unumque
273 3284 314 3344 illi
328 3280 495 3344 adfundere.
523 3281 617 3340 vicina
632 3278 698 3340 luco
714 3290 759 3340 est
778 3280 837 3339 ilex
858 3289 888 3340 ct
902 3280 966 3356 ipsa
980 3277 1084 3338 nobilis

102 3383 233 3432 xxxmt
249 3367 353 3446 pedum
369 3364 471 3425 ambitu
488 3364 628 3440 candicis,
650 3377 673 3422 x
687 3364 808 3424 arbores
823 3364 935 3424 mittans
958 3363 1085 3442 singulas

16 3481 17 3536 p
103 3450 304 3532 magnitudinis
318 3449 467 3526 visendae,
482 3445 639 3526 silvamque
655 3447 716 3508 sola
731 3447 806 3508 lacit.
