2538 3864
745 73 761 108 ·
778 39 783 54 ι

536 179 565 228 0.
582 181 678 228 PLINI
694 179 846 229 saccum

427 417 462 500 a.
491 415 640 499 rurur
672 416 902 504 cucurri
955 355 956 360 Ὺ

238 539 641 686 'coronaris
683 584 1072 681 ursrorrnr

389 817 396 821 -
498 764 694 832 LIBER
726 765 825 830 XXI.
884 752 888 764 ¹

586 931 735 942 ---—-.-.

153 1100 167 1150 1
244 1083 315 1162 Gap.
335 1085 361 1142 1.
386 1084 545 1165 (Secti.)
572 1081 610 1146 ln‘
626 1086 718 1146 hortis
747 1087 806 1145 seri
829 1093 858 1144 et
883 1093 1084 1146 coronamenta
1104 1085 1186 1146 iussit
1195 1087 1217 1128 1⁰

41 1175 47 1189 ’
139 1183 143 1196 '
182 1169 254 1231 Cato
280 1167 464 1228 inenarrabili
491 1169 594 1230 dorum
620 1186 751 1230 maxume
780 1165 953 1244 subtilitate,
976 1169 1089 1247 quando
1116 1169 1187 1229 nulli

179 1261 278 1334 potest
292 1251 404 1312 facilius
421 1269 488 1312 esse
503 1253 584 1331 loqui
600 1271 684 1330 quam
699 1269 795 1311 rerum
810 1260 930 1311 naturae
943 1254 1077 1329 pingere,
1101 1253 1187 1312 lasci·

180 1337 270 1397 vianti
286 1337 456 1414 praesertim
479 1344 509 1394 et
530 1338 558 1392 in
578 1351 682 1410 magno
705 1333 812 1409 gaudio
829 1333 987 1392 fertilitatis
1011 1343 1069 1393 tarn
1087 1337 1188 1396 variae

152 1421 297 1482 tludenti.
331 1423 437 1498 quippe
454 1416 566 1493 reliqua
581 1433 650 1474 usus
665 1415 850 1492 alimentique
864 1416 957 1492 gratia
971 1419 1082 1493 genuit,
1105 1419 1187 1478 ideo·
1252 1433 1253 1436 ’

182 1523 238 1583 que
264 1504 382 1564 saecula
403 1517 551 1576 annosque
566 1497 665 1557 tribuit
686 1499 737 1573 iis,
762 1497 851 1559 liores
874 1499 946 1559 vero
967 1499 1136 1578 odoresque
1161 1505 1218 1561 ino

182 1590 257 1650 diem
282 1588 389 1666 gignit,
414 1601 533 1660 magna,
556 1591 587 1642 ut
612 1581 706 1660 palam
732 1590 793 1657 est,
823 1581 1017 1643 admonitione
1041 1585 1189 1645 hominum

84 1715 87 1718 -
182 1692 257 1752 quae
284 1669 494 1751 spectatissime
521 1666 644 1727 lloreant
673 1665 825 1727 celerrime
851 1683 1053 1744 marcescere,
1081 1669 1135 1728 sed
1151 1687 1189 1728 ne

183 1759 293 1836 pictura
309 1753 421 1832 quidem
436 1751 597 1811 sufficiente
617 1751 733 1827 imagini
755 1750 885 1812 colorum
902 1751 1070 1812 reddendae
1084 1753 1188 1812 mixtu·

181 1856 334 1916 rarumque
360 1835 507 1910 varietati,
530 1836 592 1894 sive
617 1835 720 1894 alterni
747 1843 832 1914 atque
858 1834 1034 1913 multiplices
1052 1837 1189 1896 interae

182 1931 348 1995 nectantur,
371 1921 433 1978 sive
445 1919 565 1996 privatis
581 1935 720 1996 generum
734 1917 868 1978 funiculis
884 1919 913 1978 in
930 1917 1048 1994 orbern,
1067 1921 1097 1978 in
1112 1918 1186 1980 obli·
1198 1933 1223 1973 ac

183 2023 262 2079 cum,
289 2005 317 2063 in
332 2001 465 2062 ambitum
477 2001 620 2080 quaedam
637 2020 763 2062 coronae
781 2019 834 2080 per
855 2019 978 2062 coronas
995 2007 1120 2064 currunt.

154 2097 176 2151 δ’
243 2087 272 2146 2.
295 2085 358 2166 (2.)
382 2085 572 2146 Tenuioribus
593 2086 743 2147 utebantur
758 2086 864 2163 antiqui
880 2096 1018 2165 struppcs
1035 2085 1188 2164 appellan-

182 2178 244 2248 tes,
270 2171 348 2231 unde
362 2178 428 2230 nata
446 2169 616 2248 strophiolo.
648 2171 715 2248 quin
730 2177 758 2228 et
769 2169 943 2230 vccabulum
958 2170 1057 2248 ipsum
1069 2169 1190 2230 tandem

183 2255 418 2316 communicatum
434 2263 479 2313 est
493 2255 567 2312 inter
582 2271 666 2314 sacra
681 2262 787 2312 tantum
803 2262 832 2312 et
845 2251 970 2313 bellicos
987 2249 1116 2314 hencres
1136 2271 1189 2314 co·

182 2341 260 2400 ronis
276 2354 357 2398 sunm
371 2353 476 2396 nomen
489 2335 708 2396 vindicantibus.
735 2353 798 2395 cum
811 2353 884 2396 vero
901 2354 917 2396 e
933 2335 1053 2396 llcribus
1067 2337 1189 2414 fierent,
1200 2353 1226 2393 aa

182 2431 261 2484 serta
280 2421 296 2480 a
318 2421 442 2480 serendo
460 2421 576 2478 serieve
596 2418 830 2496 appellabantur,
855 2420 932 2499 quod
954 2420 1029 2499 apud
1054 2419 1190 2481 Graecos

183 2506 298 2583 quoque
315 2522 371 2564 non
383 2501 461 2564 ‚adeo
477 2503 631 2581 antiquitus
646 2501 764 2578 placuit.

155 2600 172 2652 4
246 2585 307 2666 (3.)
331 2585 475 2645 Arborum
491 2587 565 2645 enim
580 2584 665 2644 ramis
679 2585 812 2646 coronari
828 2587 857 2646 in
872 2585 964 2646 sacris
981 2587 1192 2648 certaminibus

182 2687 245 2730 mos
267 2679 330 2735 erat
350 2669 478 2747 primum.
515 2677 619 2747 postea
634 2670 738 2728 variari
761 2679 895 2748 coeptum
915 2671 1036 2730 mixtura
1053 2671 1192 2730 versico·
1250 2699 1251 2726 1

183 2755 238 2836 lori
262 2753 381 2830 florum,
410 2757 484 2831 quae
510 2752 632 2812 invicem
659 2751 765 2813 odores
794 2753 1227 2832 coloresque·accenderet,sc

184 2840 310 2914 Sicyone
335 2839 452 2914 ingenio
479 2835 600 2896 Pausiae
630 2838 751 2914 pictoris
778 2845 863 2914 atque
886 2835 1030 2910 Glycerae
1060 2853 1193 2899 corona·

183 2923 243 2983 riae
259 2915 385 2983 dilectae
402 2920 554 2980 admodum
570 2919 628 2993 illi,
660 2936 723 2979 cum
740 2936 831 2996 opera
846 2921 908 2979 eius
930 2921 1041 2998 pictura
1057 2921 1193 2981 imitare-

184 3015 246 3080 tur,
262 3006 313 3066 illa
327 3020 492 3083 provocans
511 3002 647 3086 variaret,
666 3011 804 3080 essetque
828 3012 973 3064 certamen
993 3003 1061 3070 artis
1083 3022 1120 3064 ac
1136 3023 1193 3066 na·

184 3098 283 3164 turae,
306 3087 407 3166 quales
422 3086 506 3145 etiam
521 3103 595 3144 nunc
611 3093 725 3146 exstant
741 3085 856 3146 artificis
878 3087 955 3147 illius
975 3085 1119 3163 tabellae,
1144 3099 1192 3150 at·

42 3233 45 3242 ,
185 3189 242 3250 que
266 3173 295 3231 in
318 3171 417 3248 primis
439 3168 586 3247 appellata
610 3167 856 3247 stephaneplocos
881 3187 936 3249 qua
961 3171 1052 3247 pinxit
1076 3172 1191 3250 ipsam.
1203 3191 1228 3232 aa

159 3256 273 3331 cidque
287 3254 391 3314 lactum
410 3262 455 3312 est
469 3261 537 3330 post
553 3249 722 3330 Olympiada
740 3254 934 3313 centesimam.
966 3254 1010 3312 sic
1032 3256 1155 3315 coronis
1175 3275 1197 3317 e

133 3357 139 3376 ·
186 3335 306 3396 llorihus
322 3337 448 3414 receptis
464 3335 550 3414 paulo
562 3353 630 3395 mox
646 3335 760 3395 subiere
776 3353 849 3416 quae
864 3345 1004 3398 vocantur
1016 3337 1198 3417 Aegyptiae

187 3437 221 3478 ac
236 3418 339 3480 deinde
355 3417 508 3496 hibernae,
532 3436 598 3484 curn.
616 3427 693 3484 terra
711 3419 800 3481 llores
815 3430 917 3500 negat,
939 3429 1068 3481 ramento
1086 3439 1103 3480 e
1119 3431 1197 3483 ccr-
