2552 3866
366 163 446 212 nau.
463 161 553 210 ursa.
570 161 628 208 xx.
645 160 673 211 1.
686 159 712 210 t.
728 145 841 232 (1-6.)
1051 148 1111 212 189

115 319 270 400 provenire
288 317 480 395 magnitudine
496 317 577 375 ducis
591 314 744 394 iuglandis,
761 317 869 375 semina
884 325 977 376 autem
992 333 1060 378 esse
1075 317 1110 378 ad

115 405 246 483 speciem
270 395 455 480 scorpionum
480 401 588 460 caudae
611 398 740 471 reflexa,
767 398 821 458 sed
847 399 976 459 candida.
1020 400 1108 479 aliqui
1136 412 1153 466 8

115 489 199 547 etiam
215 486 415 564 scorpiouium
427 484 565 543 cucumim
580 491 686 542 vocant
702 481 905 542 efficacissimo
919 492 1018 543 contra
1029 501 1108 545 scor·

115 572 232 649 piouum
246 571 319 628 ictus
337 577 367 628 et
381 569 490 627 semiue
506 576 536 627 et
551 565 689 641 elaterio,
702 575 732 624 et
746 567 782 626 ad
797 565 973 645 purgandam
988 574 1110 646 utroque

90 654 221 715 salvom.
257 651 359 728 modus
376 653 511 730 portione
526 649 626 709 virium
643 649 679 708 ab
693 649 808 709 dimidio
824 649 912 727 obolo
926 650 964 710 ad
979 650 1110 729 solidum,
1152 687 1154 694 ·

116 737 264 814 copiosius
277 743 370 796 necat.
384 736 428 794 sic
440 743 469 794 et
480 743 578 794 contra
590 732 767 811 phthiriasim
777 733 883 794 bibitur
895 743 924 794 et
931 733 1109 812 hydropicis.

115 821 225 881 inlitum
240 820 358 896 anginas
373 827 403 878 et
415 819 536 878 arterias
552 834 615 876 cum
629 816 717 876 melle
734 825 763 890 et
777 817 844 877 oleo
864 826 966 877 vetere
981 828 1072 878 sanat.

179 903 208 964 2.
231 903 294 983 (4.)
321 901 402 962 llulti
417 903 491 962 huuc
508 912 575 960 csse
593 901 669 978 apud
684 916 738 959 nos
760 901 807 978 qui
824 902 963 978 anguinus
979 911 1110 978 vocetur,
1137 915 1154 969 9
1255 909 1259 926 '

116 1005 152 1048 ae
167 987 230 1048 aliis
246 987 403 1063 erraticus,
419 985 607 1060 arbitrantur,
624 1001 680 1062 quo
692 985 817 1045 decocto
831 1002 932 1063 sparsa
945 1003 1040 1045 mures
1055 1003 1112 1046 uon

79 1089 106 1132 uo
116 1073 265 1148 attingunt.
300 1069 545 1148 iidempodegris
562 1086 626 1127 eum
641 1076 670 1126 et
686 1067 884 1129 articularibus
900 1068 1008 1128 morbis
1024 1069 1111 1130 deco·

115 1165 191 1217 ctum
211 1156 240 1214 iu
262 1163 375 1214 acetum
401 1153 521 1212 inlinunt
545 1160 757 1230 praesentaneo
778 1152 923 1228 remedio„
941 1151 1110 1214 'lumborum

15 1271 16 1276 κ
114 1255 185 1300 vero
204 1237 325 1299 dolores
340 1239 450 1298 semiue
465 1235 530 1296 sole
546 1236 675 1310 siccato,
692 1235 757 1295 dein
772 1237 856 1312 trito,
877 1249 926 1296 xx
939 1234 967 1298 X
980 1237 1109 1314 pendere

113 1324 143 1383 iu
161 1323 274 1382 hemina
292 1321 358 1382 dato
374 1337 467 1400 aquae
482 1327 574 1394 sanat,
590 1328 718 1378 tumores
735 1318 845 1387 subitos
861 1320 942 1380 inlito
957 1337 1022 1382 cum
1035 1321 1111 1382 lacte

115 1407 274 1487 mulierum,
307 1413 412 1485 purgat
427 1421 477 1464 ees
494 1403 660 1480 elaterium,
676 1402 728 1463 sed
742 1404 871 1480 gravidis
885 1402 1016 1466 abortum
1031 1405 1109 1466 iacit.

79 1509 105 1552 rs
115 1491 283 1568 suspiriosis
303 1489 440 1567 prodest,
465 1487 568 1548 morbo
593 1504 665 1546 vero
692 1489 776 1564 regio
801 1489 932 1547 lunaris
959 1489 1109 1550 coiectum.

115 1574 270 1648 lentigines
288 1589 323 1631 ac
336 1572 463 1652 maculas
477 1589 498 1630 e
514 1571 589 1629 iacie
604 1570 680 1630 tollit
693 1571 722 1629 iu
736 1571 800 1628 sole
816 1570 934 1631 inlitum.

180 1657 243 1735 (5.)
267 1653 347 1715 llulti
370 1653 471 1714 eadem
491 1655 583 1713 omnia
598 1655 697 1714 sativis
712 1653 885 1729 attribuunt,
909 1655 1004 1731 magni
1024 1658 1151 1722 etiamlo

15 1791 16 1794 ,
115 1743 179 1800 sine
193 1739 227 1797 iis
244 1738 387 1797 momenti.
412 1754 535 1816 namquo
550 1745 580 1796 et
594 1754 694 1798 eorum
704 1754 803 1796 semen
815 1745 948 1816 quantum
959 1746 1019 1798 tres
1029 1740 1109 1816 digiti

116 1820 360 1902 adprehenderint
375 1839 439 1881 cum
454 1821 565 1880 cumino
580 1823 675 1881 tritum
689 1829 846 1901 potumque
862 1822 890 1880 iu
906 1821 972 1882 vino
987 1825 1108 1883 tussien-

79 1929 107 1972 uo
117 1905 379 1982 tibus¹auxiliatur,
394 1914 422 1964 et
433 1905 608 1984 phreneticis
625 1907 654 1990 in
667 1906 744 1966 lacte
758 1905 896 1981 mulieris,
913 1915 942 1966 et
957 1907 1108 1982 dysinteri-

118 1994 160 2052 cis
175 1989 319 2061 acetabuli
333 2006 477 2064 mensura,
493 1989 644 2068 purulenta
658 1999 752 2050 nutem
766 1990 973 2069 exspuentibus
987 2009 1049 2051 cum
1062 2009 1109 2052 cu·

115 2077 193 2136 mino
209 2076 272 2154 pari
288 2074 433 2153 pondere,
454 2082 483 2132 et
501 2073 638 2132 iocineris
652 2074 727 2133 vitiis
742 2075 770 2133 iu
785 2091 857 2152 aqua
871 2073 971 2134 mulsa.
1001 2077 1108 2136 urinam

115 2167 215 2220 movet
235 2177 273 2219 ex
292 2158 359 2216 vino
380 2155 472 2232 dulci,
496 2166 525 2217 et
544 2156 697 2220 incenium
717 2156 820 2218 dolore
836 2156 1009 2234 clysteribus
1026 2161 1109 2220 simul

118 2261 182 2304 cum
198 2245 310 2303 cumino
325 2240 488 2300 infunditur.

80 2349 108 2389 25
182 2328 245 2408 (6.)
268 2325 323 2400 Qui
344 2341 476 2403 pepones
495 2333 633 2389 uocantur
657 2324 831 2401 refrigerant
850 2341 980 2384 maxume
999 2325 1027 2386 iu
1042 2325 1106 2388 cibo
1118 2338 1148 2390 11
1169 2385 1173 2388 .
1203 2379 1209 2393 ,
1239 2349 1240 2358 ’

120 2419 149 2469 et
164 2410 311 2470 emolliunt
326 2409 429 2469 alvom.
462 2425 533 2468 cara
547 2425 646 2468 eorum
663 2408 810 2486 epiphoris
827 2406 975 2469 oculorum
993 2418 1041 2470 aut
1056 2407 1108 2468 do-

120 2493 229 2553 loribus
257 2493 409 2572 inponitur.
451 2492 534 2554 radix
553 2502 634 2553 sannt
657 2492 756 2552 ulcera
782 2499 919 2553 concreta
943 2494 972 2552 in
996 2491 1108 2554 modurn

118 2575 188 2652 iani,
206 2594 279 2654 quae
296 2578 372 2637 ceria
387 2585 501 2637 vocant.
531 2576 632 2636 eadem
647 2575 788 2636 contrahit
805 2576 984 2636 vomitiones.
1016 2579 1107 2638 sicca·

119 2669 175 2738 tur,
193 2661 222 2718 iu
236 2661 352 2719 farinam
368 2669 450 2719 tunsa
466 2659 548 2739 datur
563 2669 695 2737 quattuor
710 2658 804 2720 obolis
818 2661 846 2720 iu
863 2676 936 2738 aqua
948 2660 1055 2736 mulsa,
1069 2663 1108 2722 ite

15 2789 16 2802 r
83 2753 150 2806 sont
164 2744 212 2822 qui
226 2742 332 2802 biberit
346 2745 517 2821 quingentos
532 2759 635 2820 passus
650 2751 753 2821 postea
767 2741 901 2802 ambulet.
931 2744 1004 2804 haec
1018 2735 1108 2804 lerina
1142 2800 1149 2812 Ι
1260 2739 1261 2744 ’

121 2837 150 2888 et
170 2829 198 2888 iu
220 2836 376 2903 smegmata
395 2827 525 2887 adicitur.
557 2835 658 2887 cortex
675 2841 790 2907 quoque
804 2827 988 2894 vomitionem
1000 2837 1107 2902 meret,
1117 2840 1150 2892 12

120 2909 225 2972 iaciem
243 2917 356 2988 purgat.
389 2910 446 2970 hoc
464 2919 494 2970 et
511 2909 583 2970 lolia
607 2911 809 2988 cuiuscumque
832 2911 915 2972 sativi
934 2911 1022 2970 inlita.
1039 2985 1042 2992 ι
1061 2928 1107 2970 ea·

121 2995 186 3055 dem
201 3013 265 3054 cnm
279 2994 366 3064 melle
382 3002 411 3052 et
422 2993 600 3072 epinyctidas
612 3003 725 3070 sanant,
742 2997 882 3054 cumviuo
895 2997 973 3054 cauis
984 3009 1106 3069 morsus,
1218 3049 1222 3057 .

120 3080 189 3139 item
204 3078 392 3156 multipedae,
406 3094 539 3157 ——sepa
554 3075 657 3138 Graeci
671 3087 793 3153 vocant,
815 3078 986 3154 oblongam,
1007 3077 1107 3155 pilosis

83 3160 262 3242 etpedibus,
278 3163 379 3240 pecori
393 3163 550 3240 praecipue
564 3162 703 3222 nocivam.
739 3179 863 3222 morsum
878 3171 970 3222 tumor
982 3161 1107 3240 insequi-

121 3253 174 3306 tur'
190 3253 220 3305 et
244 3247 384 3324 putrescit
411 3244 493 3305 locus
517 3279 575 3324 --,
604 3247 667 3323 ipse
694 3245 819 3306 cucumis
845 3247 936 3306 odore
963 3246 1107 3307 delectum

123 3329 216 3389 animi.
247 3337 348 3389 coctos
367 3328 471 3388 deraso
487 3331 595 3389 cortice
611 3347 649 3389 ex
663 3329 746 3407 oleo,
767 3338 850 3389 aceto
868 3339 897 3390 et
911 3330 996 3390 melle
1011 3331 1107 3390 iucun-

122 3413 220 3472 diores
237 3429 306 3472 esse
323 3421 431 3472 certum
445 3420 499 3472 est.
