2534 3866
315 213 895 293 nnn.nrsn.xvrr.‚1o—1t.(1t—1o)
1061 214 1102 275 59

109 381 198 442 biduo
214 377 354 440 inumbra
369 381 478 440 sieoata
491 377 729 454 serenda‚.densa
739 377 912 453 inrelraoto,
924 386 1002 440 terra
1012 397 1102 458 snper

108 465 265 524 minutatim
286 463 430 538 ¹uibrata,
453 462 641 522 crassitudine
660 462 782 539 quaein
801 463 957 538 cupressis.
985 463 1100 540 pluviae

109 550 133 607 si
147 565 206 606 nou
221 547 366 622 adiuvent,
380 547 538 622 rigandum.
564 544 741 605 deferendae
753 562 792 603 ex
801 561 931 604 arearum
941 547 1022 606 venis
1035 555 1101 624 post

109 649 213 691 annum
229 631 258 689 in
273 630 392 690 ulmaria
406 629 559 690 intervallo
574 628 672 705 pedali
686 628 714 686 in
730 645 871 706 quamque
887 635 1006 706 partem.
1036 627 1095 690 ttr-
1108 637 1141 691 77

14 719 15 722 ’
86 717 180 774 oritas
197 714 292 774 ulmos
307 723 440 773 automno
455 730 556 772 serere
573 710 678 770 utilius.
710 712 776 788 quia
792 720 890 771 carent
905 711 1028 786 semine,
1044 729 1100 772 non
1194 777 1195 780 Ἴ

13 809 17 964 l

13 1197 15 1264 l

109 799 164 858 nisi
179 817 195 857 e
212 787 318 876 plantis
334 805 488 857 seruntur.¹
513 796 541 854 in
564 794 711 854 arbustum
734 794 932 872 quinquennes
951 794 1005 854 sub
1028 793 1099 855 urbe

108 881 286 941 transferunt
306 889 368 956 ant,
390 889 421 941 ut
442 878 610 958 quibusdam
631 877 746 955 planet,
758 895 838 955 quae
852 879 982 937 vicenum
998 878 1101 956 pedum

111 983 179 1025 esse
198 973 369 1042 eoeperunt.
403 963 487 1022 sulco
505 963 553 1039 qui
569 963 741 1020 novenarius
761 959 864 1020 dieitur
883 961 1030 1023 altitudine
1049 979 1100 1040 pe·

111 1049 176 1108 dum
191 1049 287 1125 trium,
302 1048 365 1126 pari
377 1045 526 1106 latitudine
541 1051 570 1104 et
585 1061 622 1102 eo
635 1044 767 1122 amplius,
783 1045 860 1104 eirea
873 1045 993 1123 positas,
1009 1045 1101 1124 pedes

80 1133 185 1192 roterni
207 1132 334 1209 undique
357 1148 374 1189 e
396 1129 490 1188 solido
510 1127 730 1203 adabgerantur.
767 1127 862 1188 arulas
888 1128 917 1188 id
942 1137 1048 1188 tonant
1073 1130 1101 1188 in

112 1215 279 1293 Campania.
321 1213 478 1274 Intervalla
503 1229 541 1270 ex
567 1207 625 1270 loei
649 1219 749 1270 natura
777 1221 931 1272 sumuntur.
972 1213 1100 1272 rariores

111 1299 252 1360 serendas
267 1299 295 1358 in
311 1295 519 1375 campestribus
534 1295 678 1353 convenit.
700 1294 827 1372 Populos
842 1304 870 1354 et
881 1295 1021 1371 fraxinos,
1036 1297 1143 1374 quiats

111 1383 292 1444 festinantius
302 1381 472 1458 germinant,
482 1377 596 1456 disponi
610 1395 726 1456 qnoque
738 1380 873 1438 maturius
886 1381 1030 1454 convenit,
1042 1380 1099 1440 boe

112 1475 158 1526 est
176 1465 211 1526 ab
226 1465 319 1526 idibus
334 1463 508 1539 Februariis,
523 1461 628 1541 plantis
642 1471 670 1522 et
685 1465 764 1540 ipsas
776 1463 930 1522 nascentis.
957 1462 988 1521 ln
1003 1464 1100 1540 dispo·

81 1549 214 1610 tenendis
231 1549 381 1609 arboribus
396 1546 580 1624 arbustisque
593 1562 632 1604 ae
645 1547 736 1604 vineis
752 1546 956 1622 quincuneialis
973 1547 1099 1606 ordinum

111 1635 184 1695 ratio
202 1632 318 1709 volgata
335 1640 365 1691 et
378 1631 555 1703 necessaris,
571 1645 627 1686 non
642 1628 762 1705 perllatu
774 1629 859 1687 modo
871 1628 948 1688 utilis
961 1646 1058 1688 verum
1071 1639 1100 1688 et

13 1751 14 1758 ι
112 1717 253 1795 adspectu
268 1724 363 1792 grata,
387 1713 604 1793 quoquomodo
621 1713 751 1770 intueare
768 1712 796 1768 in
812 1712 938 1770 ordinem
960 1729 991 1769 se
1008 1714 1098 1788 porri-

111 1809 304 1878 genterersn.
321 1798 448 1876 Populos
462 1796 562 1856 eadem
576 1796 649 1854 ratio
665 1793 772 1852 semine
785 1811 859 1871 quae
870 1793 962 1852 ulmos
973 1794 1097 1868 serendi,

112 1883 306 1946 transferendi
322 1897 437 1960 quoque
454 1898 471 1938 e
486 1879 643 1939 seminariis
660 1877 801 1938 eademst
815 1877 906 1937 silvis.
1127 1942 1130 1951 Ι

79 1979 104 2019 2⁰
176 1967 260 2047 (16.)
284 1966 358 2025 Ante
377 1963 470 2024 omnia
485 1965 572 2039 igitur
591 1963 619 2020 in
632 1962 752 2021 similem
767 1961 915 2021 transferri
930 1970 1032 2021 terram
1048 1970 1095 2020 aut
1107 1970 1139 2024 to

112 2052 264 2112 meliorem
280 2056 407 2127 oportet,
423 2064 480 2106 nee
495 2063 532 2104 ex
547 2045 652 2122 tepidis
667 2054 716 2104 aut
731 2044 922 2123 praeconibus
936 2046 964 2103 in
978 2045 1098 2122 frigidos

113 2145 161 2196 aut
175 2136 321 2195 serotinos
336 2133 417 2207 situs,
431 2139 462 2189 nt
476 2146 571 2206 neque
580 2144 618 2186 ex
628 2128 672 2187 bis
684 2128 713 2185 in
725 2127 801 2187 illos.
832 2128 1004 2205 praeludere
1018 2146 1098 2189 soro·
1130 2189 1137 2200 ,

12 2213 13 2278 1
112 2221 157 2280 bis
176 2228 265 2294 ante,
281 2218 305 2277 si
322 2215 385 2274 lieri
400 2221 517 2292 posset,
541 2217 618 2270 tanto
634 2211 722 2288 prius
743 2208 836 2269 donee
857 2212 954 2286 pingui
971 2205 1098 2288 caespite

12 2305 13 2310 ’
114 2303 304 2364 obducantur.
337 2298 422 2374 blago
445 2306 509 2355 ante
532 2311 634 2353 annum
652 2294 747 2368 iubet,
769 2301 799 2352 ut
819 2293 911 2352 solem
930 2290 1149 2369 pluviasquesso¹

81 2401 106 2442 ss
117 2385 283 2459 nonbibant,
302 2391 360 2458 aut,
379 2383 402 2441 si
417 2381 445 2440 id
461 2379 592 2440 condicio
609 2377 711 2455 largita
724 2377 850 2452 nonsit,
868 2375 942 2452 ignis
958 2374 986 2432 in
1000 2375 1098 2432 mediis

114 2471 177 2531 lieri
191 2477 258 2530 ante
271 2481 388 2527 menses
403 2464 485 2538 dnos,
501 2480 556 2521 nee
570 2463 624 2520 nisi
638 2472 704 2541 post
720 2462 817 2521 imbris
833 2462 861 2519 in
876 2459 920 2518 his
936 2458 1002 2518 seri.
1036 2456 1098 2516 alti·

113 2555 241 2615 tudinem
262 2567 360 2610 eorum
378 2549 407 2608 in
427 2547 567 2623 argilloso
588 2553 636 2605 aut
657 2546 727 2606 duro
754 2544 818 2603 solo
839 2545 921 2603 trium
942 2541 1099 2601 eubitorum

116 2654 185 2698 esse
200 2637 229 2694 in
245 2650 385 2712 quamque
400 2638 521 2710 partem,
537 2631 566 2688 in
580 2623 678 2708 proriis
695 2627 789 2705 palmo
804 2627 933 2706 amplius,
950 2634 980 2686 et
992 2624 1099 2704 ubique

112 2722 257 2782 caminata
273 2719 387 2778 fossura
401 2732 452 2775 ore
465 2713 685 2791 conpressiores
696 2711 761 2785 sint,
776 2711 855 2786 nigra
867 2718 1027 2770 saroterra
1042 2709 1098 2768 duo

81 2818 106 2859 ao
118 2804 213 2864 oubita
229 2811 258 2861 et
272 2802 394 2879 palmum
416 2796 559 2876 quadratis
575 2794 685 2870 angulis
708 2792 808 2852 eadem
828 2809 969 2852 mensura.
997 2792 1099 2853 Graeei

116 2895 253 2948 auctores
269 2883 449 2944 consentiunt
473 2893 531 2938 non
547 2876 665 2937 altiores
683 2874 769 2954 quino
792 2875 938 2953 semipede
963 2892 1029 2934 esse
1050 2873 1098 2932 de·

116 2971 189 3031 bere
203 3002 247 3014 —·
260 2985 316 3026 neo
340 2965 458 3025 latiores
478 2959 588 3023 duobus
603 2959 734 3037 pedibus,
750 2975 887 3036 nusquam
902 2975 972 3018 varo
990 2957 1099 3036 sesqui-

12 3083 13 3094 ι
118 3053 196 3134 pede
211 3053 302 3111 minus
319 3049 393 3108 altos
408 3081 459 3123 —-,
475 3043 606 3125 quoniam
621 3043 649 3100 in
661 3041 755 3101 umido
772 3042 835 3104 solo
852 3042 888 3104 ad
902 3043 993 3102 vicina
1008 3041 1099 3117 aquae
1178 3078 1187 3112 ,-

117 3137 278 3216 perveniat
310 3131 393 3206 Cato,
411 3129 437 3188 si
450 3129 531 3189 loeus
545 3141 670 3204 aquosus
690 3125 742 3200 sit,
759 3125 832 3184 latos
850 3125 942 3205 pedes
956 3133 1054 3184 ternos
1069 3126 1096 3182 in
1107 3137 1140 3190 81

82 3220 250 3280 aulaueibus
259 3220 389 3292 imosque
399 3211 557 3291 palmumet
567 3208 681 3288 pedem,
690 3208 835 3268 altitudine
843 3216 975 3287 quattuor
985 3207 1098 3286 pedum,

119 3320 173 3364 eos
189 3301 286 3380 lapide
303 3296 448 3357 consterni
462 3302 519 3370 aut,
532 3295 623 3353 sinon
636 3293 681 3366 sit,
694 3293 810 3370 perticis
826 3292 941 3369 salignis
953 3290 1099 3366 viridibus,

119 3387 255 3462 sineque
274 3381 329 3441 bae
351 3381 421 3454 sint,
442 3376 607 3450 sarmentis,
628 3375 667 3433 ita
686 3383 716 3433 ut
735 3377 765 3434 in
784 3374 958 3434 altitudinem
976 3375 1100 3452 semipes

117 3467 296 3529 detrabatur.
326 3459 409 3520 nobis
425 3457 602 3521 adiciendum
615 3457 727 3518 vidntur
748 3475 786 3518 ex
807 3457 954 3537 praediota
968 3459 1101 3520 arborum
