2538 3864
150 199 215 262 aot
263 250 265 260 ,
456 211 493 292 (c.
509 211 605 258 anum
621 209 771 264 snouunn

152 363 502 444 herbarii,elelisplracum
518 363 644 442 Graece,
665 365 784 428 salviam
800 365 899 427 Latine
913 375 1020 426 vocant
1032 377 1146 430 mentae

152 449 289 526 similem,
306 466 421 525 canam,
437 449 595 510 odoratam.
626 459 724 528 partus
740 459 886 511 emortuos
901 467 937 512 ea
952 450 1082 530 adposita
1095 469 1145 512 ex-

152 533 283 610 trahunt,
298 534 366 592 item
382 535 489 594 vermis
502 533 630 594 nlcemm
644 534 818 612 auriumque.
879 563 880 568 κ
1005 593 1008 598 ,

111 625 162 680 148
215 611 307 696 (72.)
325 613 410 676 Cicer
432 626 461 676 et
482 617 615 678 silvestre
638 627 698 695 est,
720 619 798 682 loliis
817 619 926 701 simila,
948 621 1039 687 odore
1054 623 1146 704 gravi.

147 702 177 762 si
195 701 303 778 largius
324 710 464 778 sumatur,
491 701 573 762 alvos
597 702 718 763 solvitur
740 713 770 765 et
792 705 899 768 indatio
921 709 1096 770 contrabitur
1117 719 1170 772 ets

145 786 281 846 tormina.
333 793 437 844 tostum
464 785 608 847 salubrius
634 786 764 848 babetur.
814 788 966 852 cicercula
998 793 1148 860 etiamnum
1254 783 1258 828 ⁴

151 870 241 946 magis
259 867 287 928 in
301 868 367 929 alvo
382 869 506 946 prolicit.
537 871 627 930 larino
641 873 788 950 utriusque
803 874 903 935 ulcera
916 877 1056 936 manantia
1071 879 1147 956 capi·

150 954 187 1013 tis
208 961 304 1028 sanat,
331 952 480 1013 efficacius
501 954 660 1031 silvestris,
680 956 749 1016 item
768 958 922 1034 comitialis,
941 968 970 1018 et
990 960 1155 1024 iocinemm·

151 1045 278 1096 tumores
299 1044 328 1095 et
349 1038 526 1114 serpentium
546 1039 629 1098 ictus.
659 1041 716 1099 ciet
733 1059 850 1100 menses
871 1050 901 1100 et
919 1043 1031 1118 urinas,
1055 1051 1146 1120 granio

108 1129 310 1201 leomarume.
348 1119 479 1181 emendat
505 1131 534 1180 et
561 1122 690 1184 lichenas
714 1133 743 1183 et
768 1125 883 1184 testium
903 1125 1147 1203 inflammationes,
1160 1146 1184 1188 m
1257 1139 1258 1196 l

149 1205 260 1280 regium
287 1203 431 1282 morbum,
458 1204 646 1285 hydropicos.
691 1206 810 1268 laedunt
832 1210 925 1270 omnia
943 1209 1020 1270 ,lraec
1038 1227 1148 1286 genera
1257 1229 1258 1248 ¹

150 1287 346 1356 exulceratam
360 1289 488 1349 vesicam
503 1293 635 1350 strenis.
663 1293 836 1369 gangraenis
854 1293 967 1353 utiliora
983 1311 1047 1353 cum
1061 1293 1148 1354 melle

11 1437 12 1440 ,
151 1388 179 1440 et
197 1377 245 1444 his,
262 1391 337 1454 quae
353 1373 493 1434 cacoetbe
510 1382 659 1432 vocantur.
704 1392 887 1434 verrucarum
901 1375 1020 1435 inomni
1037 1395 1148 1452 genere

87 1457 90 1462 '
151 1463 241 1540 prima
254 1461 320 1520 luna
342 1455 463 1534 singulis
481 1457 578 1532 grauis
598 1456 727 1532 singulas
741 1465 875 1534 tangunt,
898 1475 991 1536 eaque
1008 1477 1098 1537 grana
1119 1463 1149 1520 in

149 1543 270 1609 linteolo
288 1542 413 1620 deligata
432 1549 498 1618 post
514 1557 547 1600 se
567 1538 708 1616 abiciunt,
728 1541 767 1600 ita
785 1541 879 1619 iugari
894 1543 992 1602 vitium
1008 1543 1146 1604 arbitran-
1159 1565 1184 1606 us
1208 1539 1211 1548 ’
1257 1547 1258 1560 ’

110 1640 240 1695 lentes·
262 1628 353 1689 nostri
373 1626 552 1704 praecipiunt
574 1625 721 1684 arietinum
742 1625 771 1684 in
791 1643 865 1703 aqua
886 1644 949 1686 cum
968 1626 1030 1686 sale
1053 1628 1146 1689 disco·
1257 1635 1258 1700 ξ

152 1730 258 1794 quere,
282 1727 376 1770 emec
392 1709 492 1769 bibere
508 1707 628 1783 cyathos
651 1707 735 1768 binos
753 1711 783 1768 in
804 1708 1018 1779 difficultatibus
1038 1713 1145 1776 urinae.
1257 1709 1258 1780 3

151 1800 194 1860 sic
210 1806 239 1856 et
254 1794 385 1855 calculos
397 1792 481 1872 pellit
492 1792 683 1869 morbumque
697 1794 817 1870 regium.
850 1794 977 1854 eiusdem
992 1794 1070 1856 loliis
1086 1812 1146 1854 sar-
1257 1859 1258 1866 ,

150 1883 311 1957 mentisque
326 1877 455 1938 decoctis
468 1895 540 1955 aqua
559 1893 642 1955 quam
657 1892 787 1936 maxume
803 1877 895 1938 calida
908 1877 1027 1938 morbos
1042 1879 1147 1958 pedum

151 1965 237 2040 lenit,
252 1971 283 2023 ct
299 1963 390 2039 ipsum
408 1959 532 2021 calidum
543 1963 694 2038 tritumque
709 1961 826 2021 inlitum.
860 1960 1014 2021 columbini
1032 1962 1184 2022 decoctino

153 2065 227 2126 aqua
253 2045 405 2104 horrorem
435 2045 576 2104 tertianae
605 2053 634 2103 et
662 2054 815 2123 quartanas
847 2045 976 2106 minuere
1011 2035 1144 2105 creditus.

74 2113 83 2138 Χ
150 2133 375 2207 nigromontem
397 2145 460 2188 cum
483 2128 578 2206 gallae
600 2127 716 2187 dimidio
732 2130 826 2188 tritum
840 2129 989 2190 oculorum
1001 2127 1146 2189 ulceribus

152 2229 290 2292 expanso
304 2211 443 2272 medetur.
573 2277 574 2281 η
669 2253 672 2265 1

112 2309 161 2362 151
214 2296 298 2375 (73.)
320 2295 366 2354 De
389 2297 459 2356 ervo
480 2294 619 2373 quaedam
639 2296 668 2352 in
686 2295 830 2355 mentione
851 2296 912 2356 eius
932 2295 1069 2370 diximus,
1089 2313 1147 2356 nec

111 2381 140 2422 ¹⁸·
152 2379 187 2414 ¹⁸⁹
198 2380 354 2459 potentiam
371 2379 406 2438 ei
424 2377 563 2438 minorem
582 2377 701 2438 'veteres
728 2396 812 2456 quam
837 2377 983 2440 brassicae
1004 2377 1145 2455 tribuere,
1157 2393 1183 2434 ts

153 2473 252 2524 contra
273 2463 451 2541 serpentium
477 2462 551 2521 ictus
572 2479 610 2533 ex
631 2471 732 2538 aceto,
759 2463 795 2522 ad
823 2461 1033 2523 crocodilorum
1056 2460 1147 2523 homi·
1167 2467 1174 2484 ·'

151 2565 274 2625 numque
289 2562 423 2606 morsum.
454 2543 481 2603 si
501 2544 564 2624 quis
580 2561 679 2604 ervom
693 2544 801 2626 cotidie
816 2547 925 2606 ieiunus
946 2544 1020 2621 edit,
1042 2545 1148 2604 lienem

152 2633 214 2690 eius
230 2629 339 2690 absumi
356 2629 507 2690 certissimi
521 2636 656 2687 auctores
671 2626 826 2689 adfirmant.
864 2630 955 2690 farina
970 2629 1032 2690 eius
1048 2646 1145 2704 varos,

152 2712 205 2774 sed
222 2723 250 2774 et
262 2712 388 2774 maculas
405 2703 477 2772 cutis
492 2720 553 2772 toto
570 2728 695 2790 corpore
708 2712 853 2774 emendat.
891 2729 1012 2791 serpere
1026 2704 1146 2772 volnera

111 2807 161 2862 152
172 2816 230 2859 non
245 2797 366 2876 patitur,
385 2797 414 2854 in
428 2797 554 2858 mammis
568 2795 807 2856 efficacissimum.
837 2795 1027 2861 carbunculos
1042 2796 1145 2875 rumpit
1154 2813 1181 2855 au
1242 2809 1245 2814 ·

153 2899 191 2940 ex
210 2883 285 2941 rino.
329 2880 428 2940 urinae
453 2879 652 2954 difficultates,
678 2880 867 2954 inflationem,
905 2881 974 2940 vitia
997 2881 1144 2953 iocineris,

151 2973 303 3026 tenesmon
328 2973 357 3024 et
378 2981 452 3042 quae
475 2963 568 3024 cibum
595 2979 653 3022 non
681 2965 818 3038 sentiant,
847 2963 970 3042 atropha
989 2962 1145 3043 appellata,

151 3057 257 3108 tostum
279 3058 308 3108 et
326 3049 355 3107 in
376 3047 456 3126 nucis
478 3046 628 3107 abellanae
653 3045 872 3125 magnitudinem
889 3043 1146 3109 melle'collcctum

154 3132 380 3210 devoratumque
396 3129 530 3208 corrigit,
551 3131 618 3190 item
633 3131 815 3208 impetigines
830 3148 868 3190 ex
883 3138 967 3190 aceto
984 3137 1096 3191 coctum
1116 3139 1146 3190 et
1184 3161 1192 3176 κ

154 3224 256 3292 quarto
278 3215 324 3275 die
348 3213 486 3275 solutum
526 3214 666 3292 panosin
693 3212 780 3273 melle
794 3214 959 3294 inpositum
983 3228 1180 3292 suppuraress

112 3308 163 3363 153
174 3297 318 3376 prohibet.
349 3315 422 3374 aqua
436 3298 551 3358 decocti
561 3299 717 3375 perniones
731 3300 899 3375 etpruritus
914 3306 994 3358 sanat
1005 3295 1144 3357 fovendo.

155 3382 221 3459 quin
236 3390 265 3440 et
278 3381 413 3442 universo
427 3381 558 3460 corpori,
575 3379 608 3440 'si
622 3382 685 3462 quis
702 3380 806 3442 cotidie
822 3381 930 3440 ieiuun's
945 3380 1065 3456 biberit,
1085 3397 1144 3440 mc·

153 3464 254 3524 liorem
270 3463 333 3524 lieri
350 3464 479 3527 colorem
496 3465 665 3528 existimant.
702 3465 773 3526 cibis
789 3465 864 3526 idem
877 3465 998 3527 bominis
1012 3463 1143 3525 alienum.

1256 2097 1258 2178 l
