2534 3866
168 177 228 238 106
518 188 549 236 c.
566 188 661 236 Ριιιιι
676 187 824 236 sucunor

98 325 100 328 ¹
165 345 307 403 frumento
322 344 387 422 plus
404 361 471 403 esse
487 343 624 421 ponderis
646 351 676 401 et
694 339 852 402 furfuribus
874 357 985 402 carere.
1019 343 1106 402 utitur
1126 359 1165 402 eo

167 438 196 487 et
211 428 309 488 Sicilia
323 436 351 487 et
365 427 485 502 Achaia,
503 427 660 486 montuosis
672 432 792 504 utraque
804 423 943 503 partibus,
959 424 1081 485 Euboea
1093 443 1164 504 quo·

167 530 224 591 que
241 514 317 571 circa
334 508 495 586 Carystum.
522 513 550 569 iu
566 518 670 569 tantum
685 509 794 570 fallitur
809 506 970 569 Columella
990 510 1038 587 qui
1060 527 1097 568 ne
1116 511 1164 569 tri·

165 597 279 657 mestris
294 595 408 673 quidem
428 597 576 673 proprium
596 610 689 669 genus
711 593 916 654 existimaverit
937 611 1020 668 esse,
1044 611 1108 653 cum
1128 594 1166 652 sit

166 680 362 759 antiquissimi.
395 678 498 739 Graeci
514 677 645 738 setanion
660 686 774 736 vocant.
806 676 921 736 tradunt
935 677 964 736 in
976 676 1087 736 bactris
1099 694 1192 753 gra-5
1265 709 1266 718 ι

147 765 150 782 '
165 782 200 823 na
216 772 311 824 tantae
326 763 526 839 magnitudinis
541 761 604 819 lieri
617 759 647 818 ut
661 760 774 836 singula
790 761 886 838 spicas
901 769 1014 821 nostras
1029 769 1163 838 aequent.

123 857 155 911 71
227 846 311 926 (13.)
341 845 462 905 Primum
485 862 522 903 ex
541 842 671 902 omnibus
701 842 851 902 frumentis
883 844 988 904 seritur
1015 843 1164 904 hordeum.

165 931 293 992 dabimus
308 939 337 989 et
353 929 414 989 dies
429 927 553 988 serendo
571 928 675 1005 cuique
692 928 794 1004 generi
808 935 908 988 natura
924 928 1101 1026 singulorum
1113 945 1165 988 ex·

165 1017 268 1094 posita.
295 1001 433 1072 hor'deum
447 1010 523 1072 ludis
535 1013 656 1089 sativor‘n
667 1021 696 1070 et
711 1011 856 1087 silvestre,
874 1029 913 1070 ex
927 1029 984 1089 quo
995 1013 1076 1089 panis
1088 1012 1165 1089 apud

166 1118 218 1160 eos
234 1098 407 1177 praecipuus
424 1105 454 1154 et
470 1095 553 1155 alica.
584 1093 717 1154 Maxume
734 1093 846 1172 quidam
862 1111 951 1170 oryza
965 1095 1107 1172 gaudent,
1127 1112 1165 1154 ex
1176 1117 1201 1158 10

166 1200 222 1261 qua
237 1184 358 1241 tisanam
372 1179 526 1239 conliciunt
539 1197 622 1258 quarn
633 1179 738 1256 reliqui
748 1178 887 1238 mortales
900 1196 937 1238 ex
948 1179 1069 1239 hordeo.
1097 1196 1163 1252 ory-

169 1283 221 1324 zae
239 1264 308 1324 lolia
327 1280 459 1338 carnosa,
476 1279 564 1341 porro
576 1262 743 1321 similiased
756 1261 870 1338 latiora,
887 1263 1006 1323 altitudo
1020 1261 1163 1338 cubitalis,

164 1349 218 1408 llos
233 1365 406 1426 purpureus,
423 1346 506 1406 radix
519 1363 671 1423 gemmeae
686 1345 877 1410 rotunditatis.

121 1442 155 1496 tu
224 1432 307 1509 (14.)
329 1431 562 1509 Antiquissimum
581 1431 610 1488 iu
634 1429 705 1489 cibis
729 1430 884 1506 hordeum,
909 1430 982 1490 sicut
1006 1430 1163 1490 Athenien·

163 1517 298 1576 siumritu
308 1514 467 1574 Menandro
479 1523 599 1574 auctore
614 1513 734 1591 adparet
746 1521 776 1572 et
787 1513 979 1589 gladiatorum
992 1514 1163 1591 cognomine
1175 1542 1201 1582 ιι

111 1616 115 1632 ·
164 1602 211 1679 qul
226 1598 371 1659 hordearii
387 1597 576 1659 vocabantur.
604 1597 752 1676 polentam
771 1614 887 1675 quoque
909 1596 1013 1658 Graeci
1034 1615 1091 1657 nou
1113 1597 1163 1658 ali-

166 1685 242 1744 unde
258 1682 435 1761 praeierunt.
466 1682 596 1760 pluribus
611 1681 646 1740 iit
665 1681 740 1740 haec
759 1680 861 1740 modis.
893 1679 997 1742 Graeci
1016 1681 1163 1760 perfusum

165 1785 239 1847 aqua
254 1766 393 1828 hordeum
409 1768 518 1826 siccant
534 1775 620 1826 nocte
634 1783 689 1825 una
702 1768 738 1826 a'c
755 1773 873 1844 postero
886 1763 934 1824 die
948 1765 1073 1842 frigunt,
1096 1764 1164 1824 dein

121 1852 249 1912 ‘lhmolis
264 1852 406 1927 frangunt.
434 1858 500 1908 sunt
517 1850 567 1929 'qui
584 1849 787 1908 'vehementius
809 1856 915 1908 tostum
936 1866 1035 1908 rursus
1058 1849 1163 1924 exigua

164 1952 237 2014 aqua
253 1935 429 2011 adspergant
444 1942 474 1992 et
487 1934 597 1993 siccent
613 1934 692 2010 prius
710 1949 794 2011 quam
810 1931 926 1992 molant
966 1933 1013 1993 alii
1034 1949 1105 1990 vero
1120 1931 1161 1990 vi·
1171 1958 1198 2000 20

163 2017 291 2076 rentibus
307 2017 396 2094 spicis
413 2016 568 2076 decussum
582 2016 723 2077 hordeum
737 2033 843 2076 recens
866 2025 988 2093 purgant
1009 2015 1161 2076 madidum·

163 2100 262 2177 quein
277 2099 335 2177 pila
350 2101 469 2160 tundunt
482 2103 593 2179 atque
584 2119 612 2160 ru
628 2100 765 2161 corbibus
780 2099 878 2160 eluunt
893 2115 928 2160 ac
942 2101 1081 2160 siccatum
1085 2089 1161 2158 sole

164 2199 263 2242 rursus
275 2184 393 2244 tundunt
405 2194 434 2242 et
444 2195 596 2262 purgatum
605 2183 723 2244 molunt.
755 2199 936 2282 quocumque
944 2191 1039 2244 autem
1050 2200 1161 2259 genere

162 2277 336 2346 praeparato
352 2268 461 2328 vicenis
477 2268 579 2328 hordei
593 2268 675 2327 libris
689 2277 786 2326 ternas
803 2267 920 2326 seminis
934 2267 984 2326 liui
999 2275 1028 2326 et
1050 2267 1161 2326 coriau-

163 2350 206 2410 dri
217 2350 352 2410 selibram
363 2351 490 2428 salisque
506 2350 685 2410 acetabulum
702 2357 847 2410 torrentes
859 2359 924 2411 aute
936 2351 1031 2410 omnia
1040 2351 1162 2410 miscent
1171 2373 1197 2416 25

120 2437 190 2496 'r'4in
204 2432 290 2492 mola.
324 2436 371 2513 qui
386 2434 490 2493 diutius
505 2433 612 2492 volunt
622 2451 742 2492 servare
758 2451 821 2492 cum
837 2433 946 2512 polline
957 2452 992 2494 ac
1003 2432 1161 2494 furfuribus

161 2518 220 2576 suis
236 2517 362 2576 condunt
375 2517 458 2574 noris
473 2515 618 2576 fictilibus.
649 2515 731 2576 ltalia
745 2517 807 2576 sine
823 2517 990 2595 perfusione
1012 2526 1119 2577 tostum
1132 2518 1162 2576 in
1265 2533 1266 2541 ¹

162 2597 294 2658 subtilem
311 2600 432 2658 farinam
446 2599 536 2676 molit,
548 2600 648 2660 iisdem
665 2599 768 2660 additis
783 2609 869 2679 atque
884 2602 969 2662 etiarn
986 2601 1075 2661 milio.
1109 2618 1160 2678 pa·
1265 2605 1266 2610 ’

136 2747 138 2750 ,
161 2699 226 2741 nem
242 2699 280 2741 ex
295 2682 407 2742 hordeo
421 2685 542 2761 antiquis
555 2685 686 2743 usitatum
700 2684 757 2744 vita
769 2684 920 2761 damnavit,
939 2684 1160 2763 quadripedum·

163 2784 219 2845 que
234 2765 297 2826 lere
313 2765 393 2826 cibus
409 2776 470 2842 est,
493 2768 578 2846 (15.)
594 2785 657 2827 cunr
676 2769 785 2828 tisanae
800 2767 865 2827 iude
882 2783 950 2829 usus
966 2768 1158 2828 validissimus
1169 2794 1195 2838 30
1265 2813 1266 2816 ,

117 2857 152 2912 ts
162 2849 426 2930 saluberrimusque
436 2859 514 2911 tauto
526 2868 617 2930 opere
630 2849 776 2928 probetur
795 2849 886 2910 Unum
893 2851 1059 2913 laudibus
1033 2869 1095 2910 erus
1107 2868 1158 2910 vo

161 2934 256 2993 lumen
280 2933 592 3012 dicavitllippocrates
617 2951 633 2993 e
656 2934 822 2994 clarissimis
842 2935 1002 2996 medicinae
1027 2936 1157 2994 scientia.

161 3016 283 3079 Tisanac
295 3016 408 3077 bonitas
419 3019 575 3095 praecipua
586 3015 722 3077 Uticensi.
752 3017 779 3076 in
791 3005 926 3097 Aegypto
941 3035 1011 3078 vero
1025 3027 1070 3077 est
1083 3037 1159 3097 quae

161 3099 209 3161 liat
224 3119 262 3160 ex
276 3101 399 3176 hordeo,
416 3102 462 3160 cui
478 3111 541 3160 sunt
554 3100 613 3160 bini
627 3099 730 3178 anguli.
761 3102 789 3160 in
803 3100 920 3162 Baetica
939 3110 969 3161 et
984 3101 1084 3162 Africa
1106 3120 1157 3178 ge·

160 3201 213 3242 uus
235 3202 273 3243 ex
293 3201 350 3263 quo
371 3183 420 3244 liat
444 3183 560 3259 hordei,
581 3184 712 3261 glabrum
732 3184 860 3262 appellat
882 3183 1045 3246 Turranius.
1080 3185 1194 3256 iden„

162 3266 272 3341 olyram
287 3276 316 3328 et
331 3285 446 3342 oryzam
462 3267 581 3328 eandem
599 3285 666 3328 esse
680 3269 831 3328 existimat.
866 3267 989 3331 Tisauae
1000 3267 1156 3329 conficien-

60 3341 68 3360 ‘
160 3349 214 3409 dae
230 3350 346 3428 volgata
363 3352 436 3412 ratio
452 3360 506 3410 est.

116 3439 151 3495 76
218 3433 302 3514 (16.)
327 3435 417 3496 Simili
431 3437 516 3496 modo
532 3453 549 3494 e
564 3434 650 3494 tritici
666 3436 774 3495 semiue
790 3444 902 3512 tragum
922 3435 968 3512 lit,
988 3436 1017 3494 lu
1032 3431 1156 3515 Campa·
