2552 3866
185 221 244 284 186
466 249 467 254 ι
524 229 829 282 o.1>ntn1ssourvo1

176 389 221 452 his
237 403 311 466 quae
326 395 392 448 sunt
405 387 562 448 fortissima
582 388 691 452 nullum
711 387 784 448 ultra
804 385 1008 465 quadrimatum
1024 385 1093 445 utile
1116 393 1170 462 est,
1262 385 1263 414 ¹

176 474 321 534 dumtaxat
335 471 472 530 serendo.
503 472 604 532 culinis
619 481 648 532 et
661 471 734 531 ultra
748 470 922 550 tempestiva
939 479 1011 530 sunt.
1262 515 1263 550 ,

132 567 186 623 tet
256 555 341 632 (59.)
364 554 522 614 Peculiaris
533 555 673 616 medicina
685 555 825 635 raphano,
840 553 937 631 betae,
953 564 1044 630 rutae,
1063 554 1172 614 cunilae

69 651 71 660 '
175 641 204 702 in
222 639 308 700 salsis
323 639 422 716 aquis,
445 649 565 716 quaeat
582 639 689 719 alioqui
705 639 865 719 plurumum
880 639 1012 698 suavitati
1031 647 1059 697 et
1074 638 1173 698 lentili-

175 724 227 784 tati
244 722 404 783 conferunt.
438 725 543 782 ceteris
560 723 686 784 dulcium
706 741 843 802 aquarum
860 723 943 798 rigua
965 731 1092 800 prosunt
1122 724 1195 782 uti-t
1262 743 1263 746 ¹

175 806 303 867 lissimae
319 822 358 864 ex
375 807 410 864 iis
425 823 499 883 quae
519 807 721 886 frigidissimae
742 817 772 867 et
792 824 865 884 quae
886 814 956 882 potu
979 807 1173 868 suavissimae.

176 891 268 950 minus
283 888 370 948 utiles
386 907 402 948 e
417 899 519 967 stagno
535 899 566 952 et
579 910 651 970 quas
667 892 757 952 elices
768 891 903 949 inducunt
905 891 1062 967 ,quoniam
1072 889 1174 951 herba·

150 1031 152 1038 .
175 992 239 1034 rum
256 972 364 1032 semina
380 974 525 1034 invehunt
562 978 721 1054 praecipue
736 983 830 1033 tamen
846 933 953 1033 imbbes
968 969 1056 1050 alu'ut,
1073 982 1177 1036 namet

176 1056 345 1118 bestiolae
337 1068 520 1118 unnascentes
535 1071 681 1121 necantur.

18 1213 27 1232 ⁸
135 1151 187 1206 183
257 1140 305 1200 12.
328 1141 411 1219 (60.)
432 1141 483 1200 llis
501 1143 591 1203 horae
608 1142 718 1220 rigandi
732 1140 868 1201 matutino
883 1149 969 1219 atque
981 1156 1122 1217 vespera,
1139 1144 1210 1198 ue1⁰

81 1226 84 1232 '
177 1225 353 1286 infervescat
371 1242 445 1303 aqua
459 1228 535 1302 sole,
552 1230 645 1288 ocimo
660 1234 765 1286 tautum
785 1223 815 1282 et
833 1221 997 1288 meridiana
1025 1223 1110 1282 etiam
1131 1239 1176 1281 sa·

178 1319 238 1371 turo
254 1307 407 1368 celerrime
423 1327 574 1386 erumpere
589 1317 705 1386 putant
703 1309 777 1367 inter
798 1307 876 1366 initia
895 1307 1019 1366 ferventi
1035 1312 1109 1382 aqua
1128 1305 1177 1364 ad·

178 1410 320 1473 sparsum.
350 1392 443 1450 omuia
458 1401 552 1452 autem
567 1391 703 1450 translata
723 1389 843 1458 meliora
863 1388 1073 1465 grandioraque
1097 1389 1177 1464 fiunt,

178 1493 308 1537 maxume
325 1473 404 1551 porri
415 1475 555 1572 napique.
588 1475 616 1532 iu
629 1473 823 1537 translatione
834 1481 864 1533 et
880 1473 1019 1532 medicina
1043 1480 1104 1546 est,
1126 1471 1177 1530 dc-

179 1563 331 1636 sinuntque
349 1557 478 1616 sentire
471 1559 596 1634 rniurias,
613 1566 644 1620 ut
656 1556 810 1656 gethyum,
826 1573 952 1634 porrum,
971 1554 1100 1633 raphani,
1117 1555 1177 1632 api·
1190 1565 1217 1605 1⁵

138 1653 189 1709 184
198 1663 261 1723 um
276 1639 424 1716 lactuca'e,
443 1658 531 1719 rapa,
554 1643 690 1704 cucumis.
719 1639 816 1700 Omnia
838 1649 933 1700 autem
954 1639 1099 1698 silvestria
1113 1637 1178 1697 iere

181 1737 244 1789 sunt
261 1735 290 1786 et
305 1724 384 1786 loliis
398 1725 508 1785 minora
524 1733 553 1785 et
571 1725 715 1800 caulibus,
737 1742 808 1784 suco
824 1725 953 1800 acriora,
975 1725 1049 1784 sicut
1072 1720 1177 1796 cunila,

180 1815 345 1887 origanum,
361 1817 433 1867 ruta.
464 1809 556 1868 solum
573 1827 644 1876 veto
667 1827 703 1868 ex
724 1807 854 1868 omuibus
876 1807 1021 1885 lapathum
1042 1805 1178 1865 silvestre

179 1895 291 1956 melius.
314 1891 391 1948 hoc'
383 1908 411 1947 ιιι
421 1892 519 1950 sativis
530 1910 630 1953 rumex
642 1901 773 1967 vocatur,
787 1893 969 1968 nasciturque
981 1891 1177 1964 fortissimum,
1262 1885 1263 1892 '

180 1976 293 2038 tradunt
315 1980 394 2029 certe
410 1975 503 2033 semel
517 1983 608 2036 satum
623 1976 725 2036 durare
740 1993 795 2034 nec
812 1976 888 2035 vinci
905 1993 1038 2054 umquam
1058 1982 1177 2047 eterra,
1188 1981 1216 2022 2⁰

140 2070 328 2125 185maxume
344 2055 423 2115 iuxta
438 2074 550 2135 aquarn.
579 2078 667 2120 sucus
683 2061 745 2119 eius
760 2077 823 2119 cum
837 2059 929 2119 tisana
942 2067 1050 2119 tantum
1066 2058 1094 2116 iu
1106 2055 1180 2114 cibis

180 2141 322 2218 leviorem
336 2139 550 2221 gratioremque
565 2161 701 2223 saporem
715 2151 852 2220 praestat.
881 2142 1025 2202 silvestre
1041 2140 1076 2200 ad
1091 2139 1179 2198 multa

180 2224 367 2284 medicamina
382 2223 452 2284 utile
468 2236 528 2303 est,
550 2227 683 2305 adeoque
704 2226 773 2286 nihil
793 2227 887 2285 omisit
910 2243 977 2286 cura
1001 2232 1031 2284 ut
1053 2225 1179 2284 carmine

181 2326 297 2386 quoque
314 2309 549 2384 conprehensum·
558 2313 701 2389 reperiam
717 2311 746 2368 in
759 2308 833 2369 labis
853 2311 961 2387 caprini
981 2309 1037 2368 limi
1057 2306 1179 2384 singulis

127 2418 132 2426 ·
182 2393 301 2466 cavatis,
314 2391 339 2447 si
353 2393 443 2469 porri,
459 2410 576 2468 erucae,
588 2394 728 2467 lactucae,
745 2393 802 2469 api,
819 2392 918 2468 intubi,
935 2393 1053 2468 nasturti
1069 2391 1181 2452 semina
1191 2398 1217 2440 ²⁵

181 2475 292 2536 inclusa
308 2482 450 2570 serantur,
466 2478 536 2535 mire
554 2476 718 2553 provenire
745 2477 826 2572 Ωιιιρ
839 2485 903 2534 sunt
916 2475 1062 2535 silvestria
1076 2474 1181 2534 eadem

182 2561 214 2617 iu
231 2557 328 2614 sativis
344 2557 468 2616 sicciora
483 2558 685 2635 intelleguntur
704 2567 734 2618 et
752 2559 874 2620 acriora

141 2649 191 2706 186
259 2638 325 2715 (61.
328 2640 343 2716 )
362 2636 495 2740 Namque
507 2651 536 2702 et
551 2659 684 2702 sucorum
700 2658 892 2741 saporumque
908 2641 1029 2702 dicenda
1044 2641 1181 2700 differen-

12 2789 13 2794 η
182 2723 221 2783 tia
235 2730 289 2795 est,
304 2720 354 2780 vel
368 2722 458 2785 maior
473 2727 501 2786 iu
515 2726 560 2786 bis
574 2744 658 2804 quam
677 2727 778 2805 pomis.
808 2733 873 2784 sunt
887 2735 981 2786 autem
997 2743 1081 2785 acres
1099 2724 1180 2783 euni·

106 2866 108 2870 .
182 2807 240 2881 lae,
253 2806 374 2882 origani,
390 2811 518 2888 nasturci,
536 2811 653 2888 sinapis,
671 2829 759 2870 amaru
752 2809 905 2883 absinthi,
919 2809 1076 2882 centaurei,
1090 2824 1180 2883 aqua·
1169 2820 1218 2862 -ao

183 2889 250 2952 tiles
266 2892 460 2968 cucumeris,
469 2893 651 2968 cucurbitae,
668 2893 814 2967 lactucae,
837 2893 912 2952 acuti
928 2892 1032 2967 thymi,
1052 2889 1180 2966 cunilae,

145 2987 147 2992 ’
183 2973 258 3033 acuti
274 2981 303 3033 et
318 2971 431 3046 odorati
444 2979 501 3054 api,
514 2977 600 3052 aneti,
615 2976 742 3036 leniculi.
769 2974 862 3034 salsus
877 2982 983 3034 tantum
996 2993 1013 3034 e
1024 2972 1183 3052 saporibus

153 3047 166 3064 '
184 3073 241 3114 nou
256 3056 392 3131 nascitnr,
412 3058 563 3137 aliquando
583 3068 664 3119 extra
677 3058 772 3118 insidit
787 3058 914 3135 pulveris
926 3058 1024 3134 modo,
1041 3068 1069 3118 et
1085 3058 1182 3116 cicer-

184 3138 258 3198 culis
273 3147 388 3197 tautum.

144 3229 222 3284 ret
264 3219 347 3318 (62.)
365 3220 468 3305 Atque
489 3234 519 3284 ut
539 3225 724 3324 intellegatur
743 3242 816 3285 vana
834 3243 887 3285 ceu
911 3209 1080 3322 plerumqpe
1100 3226 1182 3284 vitae
1194 3233 1221 3275 ³⁵

116 3375 122 3383 ,
183 3305 346 3382 persuasio,
362 3321 455 3380 panax
471 3309 580 3388 piperis
597 3325 729 3388 saporem
746 3308 839 3368 reddit
855 3316 883 3366 et
905 3309 996 3384 magis
1015 3309 1099 3367 etiarn
1119 3299 1182 3367 sili·

185 3395 330 3464 quastrum
345 3387 383 3447 ⁰b
400 3395 428 3455 id
440 3394 601 3473 piperitidis
617 3393 729 3454 uomiue
745 3399 883 3468 accepto,
907 3390 1041 3451 libanotis
1057 3390 1185 3450 odorem

144 3487 173 3530 tt
183 3488 217 3524 aar
230 3471 299 3528 turis
307 3480 493 3554 ,zmyrnium
514 3495 636 3540 murrae.
663 3475 705 3536 de
728 3491 838 3556 panace
857 3474 969 3536 abunde
996 3475 1184 3534 dictumest.

534 3577 552 3602 ἢ
