<?xml version="1.0" encoding="UTF-8"?>
<!DOCTYPE html PUBLIC "-//W3C//DTD XHTML 1.0 Transitional//EN"
    "http://www.w3.org/TR/xhtml1/DTD/xhtml1-transitional.dtd">
<html xmlns="http://www.w3.org/1999/xhtml" xml:lang="en" lang="en">
 <head>
  <title>
</title>
<meta http-equiv="Content-Type" content="text/html;charset=utf-8" />
  <meta name='ocr-system' content='tesseract 3.04.00' />
  <meta name='ocr-capabilities' content='ocr_page ocr_carea ocr_par ocr_line ocrx_word'/>
</head>
<body>
  <div class='ocr_page' id='page_1' title='image "./cplinisecundina23plingoog_0178.png"; bbox 0 0 2534 3866; ppageno 0'>
   <div class='ocr_carea' id='block_1_1' title="bbox 300 181 1095 266">
    <p class='ocr_par' dir='ltr' id='par_1_1' title="bbox 300 181 1095 266">
     <span class='ocr_line' id='line_1_1' title="bbox 300 181 1095 266; baseline -0.003 -20"><span class='ocrx_word' id='word_1_1' title='bbox 300 183 380 246; x_wconf 83' lang='lat' dir='ltr'><strong>u&#39;nr.</strong></span> <span class='ocrx_word' id='word_1_2' title='bbox 398 197 488 246; x_wconf 81' lang='lat' dir='ltr'><strong>msa.</strong></span> <span class='ocrx_word' id='word_1_3' title='bbox 502 195 603 246; x_wconf 81' lang='lat' dir='ltr'><strong>xvim.</strong></span> <span class='ocrx_word' id='word_1_4' title='bbox 620 193 739 248; x_wconf 77' lang='lat' dir='ltr'><strong>nt-ra.</strong></span> <span class='ocrx_word' id='word_1_5' title='bbox 757 181 903 266; x_wconf 68' lang='lat' dir='ltr'><strong>(tt-46.)</strong></span> <span class='ocrx_word' id='word_1_6' title='bbox 1039 183 1095 246; x_wconf 81' lang='lat'><strong>121</strong></span> 
     </span>
    </p>
   </div>
   <div class='ocr_carea' id='block_1_2' title="bbox 2 349 1164 3408">
    <p class='ocr_par' dir='ltr' id='par_1_2' title="bbox 2 349 1164 3408">
     <span class='ocr_line' id='line_1_2' title="bbox 109 349 1100 427; baseline -0.006 -11"><span class='ocrx_word' id='word_1_7' title='bbox 109 355 194 416; x_wconf 84' lang='lat' dir='ltr'><strong>aruis.</strong></span> <span class='ocrx_word' id='word_1_8' title='bbox 223 351 346 412; x_wconf 82' lang='lat' dir='ltr'><strong>Luxuria</strong></span> <span class='ocrx_word' id='word_1_9' title='bbox 370 359 501 427; x_wconf 88' lang='lat' dir='ltr'><strong>segetum</strong></span> <span class='ocrx_word' id='word_1_10' title='bbox 525 350 682 426; x_wconf 85' lang='lat' dir='ltr'><strong>castigatur</strong></span> <span class='ocrx_word' id='word_1_11' title='bbox 702 349 789 410; x_wconf 88' lang='lat' dir='ltr'><strong>dente</strong></span> <span class='ocrx_word' id='word_1_12' title='bbox 815 350 931 426; x_wconf 90' lang='lat' dir='ltr'><strong>pecoris</strong></span> <span class='ocrx_word' id='word_1_13' title='bbox 956 351 985 410; x_wconf 93' lang='lat' dir='ltr'><strong>in</strong></span> <span class='ocrx_word' id='word_1_14' title='bbox 1009 350 1100 412; x_wconf 90' lang='lat' dir='ltr'><strong>herbo</strong></span> 
     </span>
     <span class='ocr_line' id='line_1_3' title="bbox 108 431 1099 514; baseline -0.004 -16"><span class='ocrx_word' id='word_1_15' title='bbox 108 438 269 511; x_wconf 75' lang='lat' dir='ltr'><strong>dumtaxat,</strong></span> <span class='ocrx_word' id='word_1_16' title='bbox 292 443 321 494; x_wconf 92' lang='lat' dir='ltr'><strong>et</strong></span> <span class='ocrx_word' id='word_1_17' title='bbox 338 435 476 513; x_wconf 72' lang='lat' dir='ltr'><strong>depastae</strong></span> <span class='ocrx_word' id='word_1_18' title='bbox 497 433 612 512; x_wconf 80' lang='lat' dir='ltr'><strong>quidem</strong></span> <span class='ocrx_word' id='word_1_19' title='bbox 627 431 676 492; x_wconf 86' lang='lat' dir='ltr'><strong>vel</strong></span> <span class='ocrx_word' id='word_1_20' title='bbox 697 433 816 510; x_wconf 88' lang='lat' dir='ltr'><strong>saepius</strong></span> <span class='ocrx_word' id='word_1_21' title='bbox 836 432 941 494; x_wconf 85' lang='lat' dir='ltr'><strong>unllam</strong></span> <span class='ocrx_word' id='word_1_22' title='bbox 965 434 993 494; x_wconf 93' lang='lat' dir='ltr'><strong>iu</strong></span> <span class='ocrx_word' id='word_1_23' title='bbox 1017 433 1099 514; x_wconf 91' lang='lat' dir='ltr'><strong>spica</strong></span> 
     </span>
     <span class='ocr_line' id='line_1_4' title="bbox 107 515 1099 580; baseline -0.004 0"><span class='ocrx_word' id='word_1_24' title='bbox 107 521 236 580; x_wconf 89' lang='lat' dir='ltr'><strong>iniuriam</strong></span> <span class='ocrx_word' id='word_1_25' title='bbox 257 518 392 578; x_wconf 85' lang='lat' dir='ltr'><strong>sentiunt.</strong></span> <span class='ocrx_word' id='word_1_26' title='bbox 422 525 602 579; x_wconf 73' lang='lat' dir='ltr'><strong>retonsarum</strong></span> <span class='ocrx_word' id='word_1_27' title='bbox 626 517 710 576; x_wconf 90' lang='lat' dir='ltr'><strong>etiam</strong></span> <span class='ocrx_word' id='word_1_28' title='bbox 734 515 826 576; x_wconf 84' lang='lat' dir='ltr'><strong>semel</strong></span> <span class='ocrx_word' id='word_1_29' title='bbox 853 517 966 576; x_wconf 92' lang='lat' dir='ltr'><strong>omniuo</strong></span> <span class='ocrx_word' id='word_1_30' title='bbox 992 527 1099 578; x_wconf 90' lang='lat' dir='ltr'><strong>certum</strong></span> 
     </span>
     <span class='ocr_line' id='line_1_5' title="bbox 108 600 1136 683; baseline -0.004 -19"><span class='ocrx_word' id='word_1_31' title='bbox 108 613 153 664; x_wconf 88' lang='lat' dir='ltr'><strong>est</strong></span> <span class='ocrx_word' id='word_1_32' title='bbox 174 620 293 681; x_wconf 64' lang='lat' dir='ltr'><strong>manum</strong></span> <span class='ocrx_word' id='word_1_33' title='bbox 318 601 432 677; x_wconf 86' lang='lat' dir='ltr'><strong>longius</strong></span> <span class='ocrx_word' id='word_1_34' title='bbox 456 601 536 676; x_wconf 89' lang='lat' dir='ltr'><strong>lieri,</strong></span> <span class='ocrx_word' id='word_1_35' title='bbox 558 600 610 660; x_wconf 90' lang='lat' dir='ltr'><strong>sed</strong></span> <span class='ocrx_word' id='word_1_36' title='bbox 635 600 719 683; x_wconf 82' lang='lat' dir='ltr'><strong>inane</strong></span> <span class='ocrx_word' id='word_1_37' title='bbox 747 617 937 678; x_wconf 80' lang='lat' dir='ltr'><strong>cassumque,</strong></span> <span class='ocrx_word' id='word_1_38' title='bbox 959 617 994 660; x_wconf 89' lang='lat' dir='ltr'><strong>ac</strong></span> <span class='ocrx_word' id='word_1_39' title='bbox 1010 609 1100 660; x_wconf 86' lang='lat' dir='ltr'><strong>satum</strong></span> <span class='ocrx_word' id='word_1_40' title='bbox 1125 625 1136 670; x_wconf 83' lang='lat' dir='ltr'><strong>t</strong></span> 
     </span>
     <span class='ocr_line' id='line_1_6' title="bbox 83 682 1099 762; baseline -0.007 -11"><span class='ocrx_word' id='word_1_41' title='bbox 83 705 164 751; x_wconf 81' lang='lat' dir='ltr'><strong>enon</strong></span> <span class='ocrx_word' id='word_1_42' title='bbox 184 686 274 747; x_wconf 86' lang='lat' dir='ltr'><strong>nasci.</strong></span> <span class='ocrx_word' id='word_1_43' title='bbox 304 683 452 760; x_wconf 73' lang='lat' dir='ltr'><strong>Babylone</strong></span> <span class='ocrx_word' id='word_1_44' title='bbox 473 693 567 744; x_wconf 88' lang='lat' dir='ltr'><strong>tamen</strong></span> <span class='ocrx_word' id='word_1_45' title='bbox 586 682 631 742; x_wconf 85' lang='lat' dir='ltr'><strong>bio</strong></span> <span class='ocrx_word' id='word_1_46' title='bbox 651 691 770 758; x_wconf 86' lang='lat' dir='ltr'><strong>secant,</strong></span> <span class='ocrx_word' id='word_1_47' title='bbox 793 684 907 742; x_wconf 85' lang='lat' dir='ltr'><strong>tertium</strong></span> <span class='ocrx_word' id='word_1_48' title='bbox 931 683 1099 762; x_wconf 85' lang='lat' dir='ltr'><strong>depascunt,</strong></span> 
     </span>
     <span class='ocr_line' id='line_1_7' title="bbox 87 765 1164 848; baseline -0.006 -16"><span class='ocrx_word' id='word_1_49' title='bbox 87 771 235 848; x_wconf 87' lang='lat' dir='ltr'><strong>&#39;alioquin</strong></span> <span class='ocrx_word' id='word_1_50' title='bbox 255 769 325 828; x_wconf 89' lang='lat' dir='ltr'><strong>lolia</strong></span> <span class='ocrx_word' id='word_1_51' title='bbox 345 776 452 827; x_wconf 87' lang='lat' dir='ltr'><strong>tautum</strong></span> <span class='ocrx_word' id='word_1_52' title='bbox 469 767 580 826; x_wconf 84' lang='lat' dir='ltr'><strong>flerent.</strong></span> <span class='ocrx_word' id='word_1_53' title='bbox 614 765 665 826; x_wconf 88' lang='lat' dir='ltr'><strong>Sic</strong></span> <span class='ocrx_word' id='word_1_54' title='bbox 685 783 803 845; x_wconf 87' lang='lat' dir='ltr'><strong>quoque</strong></span> <span class='ocrx_word' id='word_1_55' title='bbox 822 783 885 828; x_wconf 85' lang='lat' dir='ltr'><strong>cum</strong></span> <span class='ocrx_word' id='word_1_56' title='bbox 905 767 1081 844; x_wconf 80' lang='lat' dir='ltr'><strong>quiuquage·</strong></span> <span class='ocrx_word' id='word_1_57' title='bbox 1091 777 1141 831; x_wconf 72' lang='grc'><strong>166</strong></span> <span class='ocrx_word' id='word_1_58' title='bbox 1157 813 1164 826; x_wconf 75' lang='grc'><strong>,</strong></span> 
     </span>
     <span class='ocr_line' id='line_1_8' title="bbox 106 849 1099 927; baseline -0.005 -13"><span class='ocrx_word' id='word_1_59' title='bbox 106 856 179 914; x_wconf 89' lang='lat' dir='ltr'><strong>simo</strong></span> <span class='ocrx_word' id='word_1_60' title='bbox 196 854 316 914; x_wconf 88' lang='lat' dir='ltr'><strong>laenore</strong></span> <span class='ocrx_word' id='word_1_61' title='bbox 331 850 434 911; x_wconf 87' lang='lat' dir='ltr'><strong>messis</strong></span> <span class='ocrx_word' id='word_1_62' title='bbox 453 850 548 910; x_wconf 82' lang='lat' dir='ltr'><strong>reddit</strong></span> <span class='ocrx_word' id='word_1_63' title='bbox 568 850 672 910; x_wconf 85' lang='lat' dir='ltr'><strong>eximia</strong></span> <span class='ocrx_word' id='word_1_64' title='bbox 688 849 823 910; x_wconf 79' lang='lat' dir='ltr'><strong>fertilitas</strong></span> <span class='ocrx_word' id='word_1_65' title='bbox 843 850 913 925; x_wconf 84' lang='lat' dir='ltr'><strong>soli,</strong></span> <span class='ocrx_word' id='word_1_66' title='bbox 937 849 1099 927; x_wconf 89' lang='lat' dir='ltr'><strong>diligentio-</strong></span> 
     </span>
     <span class='ocr_line' id='line_1_9' title="bbox 104 933 1100 1012; baseline -0.005 -15"><span class='ocrx_word' id='word_1_67' title='bbox 104 937 186 997; x_wconf 89' lang='lat' dir='ltr'><strong>ribur</strong></span> <span class='ocrx_word' id='word_1_68' title='bbox 201 953 299 995; x_wconf 84' lang='lat' dir='ltr'><strong>rerum</strong></span> <span class='ocrx_word' id='word_1_69' title='bbox 313 949 377 994; x_wconf 90' lang='lat' dir='ltr'><strong>oum</strong></span> <span class='ocrx_word' id='word_1_70' title='bbox 399 933 566 992; x_wconf 88' lang='lat' dir='ltr'><strong>centesimo.</strong></span> <span class='ocrx_word' id='word_1_71' title='bbox 596 948 692 1011; x_wconf 84' lang='lat' dir='ltr'><strong>neque</strong></span> <span class='ocrx_word' id='word_1_72' title='bbox 710 941 756 992; x_wconf 89' lang='lat' dir='ltr'><strong>est</strong></span> <span class='ocrx_word' id='word_1_73' title='bbox 780 950 848 993; x_wconf 91' lang='lat' dir='ltr'><strong>cura</strong></span> <span class='ocrx_word' id='word_1_74' title='bbox 867 933 995 1006; x_wconf 82' lang='lat' dir='ltr'><strong>dillicilis</strong></span> <span class='ocrx_word' id='word_1_75' title='bbox 1017 951 1100 1012; x_wconf 84' lang='lat' dir='ltr'><strong>quam</strong></span> 
     </span>
     <span class='ocr_line' id='line_1_10' title="bbox 106 1015 1099 1095; baseline -0.006 -14"><span class='ocrx_word' id='word_1_76' title='bbox 106 1019 264 1081; x_wconf 79' lang='lat' dir='ltr'><strong>diutissime</strong></span> <span class='ocrx_word' id='word_1_77' title='bbox 280 1035 354 1095; x_wconf 89' lang='lat' dir='ltr'><strong>aqua</strong></span> <span class='ocrx_word' id='word_1_78' title='bbox 371 1016 501 1093; x_wconf 86' lang='lat' dir='ltr'><strong>rigaudi,</strong></span> <span class='ocrx_word' id='word_1_79' title='bbox 525 1025 555 1076; x_wconf 91' lang='lat' dir='ltr'><strong>ut</strong></span> <span class='ocrx_word' id='word_1_80' title='bbox 570 1016 756 1095; x_wconf 73' lang='lat' dir='ltr'><strong>praepinguis</strong></span> <span class='ocrx_word' id='word_1_81' title='bbox 775 1024 804 1076; x_wconf 94' lang='lat' dir='ltr'><strong>et</strong></span> <span class='ocrx_word' id='word_1_82' title='bbox 819 1015 907 1076; x_wconf 89' lang='lat' dir='ltr'><strong>densa</strong></span> <span class='ocrx_word' id='word_1_83' title='bbox 923 1015 1040 1078; x_wconf 88' lang='lat' dir='ltr'><strong>ubertas</strong></span> <span class='ocrx_word' id='word_1_84' title='bbox 1059 1017 1099 1078; x_wconf 91' lang='lat' dir='ltr'><strong>di-</strong></span> 
     </span>
     <span class='ocr_line' id='line_1_11' title="bbox 69 1097 1100 1178; baseline -0.006 -12"><span class='ocrx_word' id='word_1_85' title='bbox 69 1105 207 1167; x_wconf 81' lang='lat' dir='ltr'><strong>auluatur.</strong></span> <span class='ocrx_word' id='word_1_86' title='bbox 238 1101 334 1161; x_wconf 89' lang='lat' dir='ltr'><strong>limum</strong></span> <span class='ocrx_word' id='word_1_87' title='bbox 350 1108 445 1160; x_wconf 89' lang='lat' dir='ltr'><strong>autem</strong></span> <span class='ocrx_word' id='word_1_88' title='bbox 464 1115 522 1160; x_wconf 91' lang='lat' dir='ltr'><strong>non</strong></span> <span class='ocrx_word' id='word_1_89' title='bbox 537 1099 673 1160; x_wconf 89' lang='lat' dir='ltr'><strong>invehunt</strong></span> <span class='ocrx_word' id='word_1_90' title='bbox 693 1097 858 1178; x_wconf 81' lang='lat' dir='ltr'><strong>Euphrates</strong></span> <span class='ocrx_word' id='word_1_91' title='bbox 881 1098 1034 1178; x_wconf 80' lang='lat' dir='ltr'><strong>&#39;l&#39;igrisque</strong></span> <span class='ocrx_word' id='word_1_92' title='bbox 1057 1101 1100 1160; x_wconf 89' lang='lat' dir='ltr'><strong>sic</strong></span> 
     </span>
     <span class='ocr_line' id='line_1_12' title="bbox 104 1181 1099 1262; baseline -0.003 -15"><span class='ocrx_word' id='word_1_93' title='bbox 104 1196 135 1247; x_wconf 93' lang='lat' dir='ltr'><strong>ut</strong></span> <span class='ocrx_word' id='word_1_94' title='bbox 148 1188 177 1246; x_wconf 89' lang='lat' dir='ltr'><strong>in</strong></span> <span class='ocrx_word' id='word_1_95' title='bbox 191 1185 331 1262; x_wconf 73' lang='lat' dir='ltr'><strong>Aegypto</strong></span> <span class='ocrx_word' id='word_1_96' title='bbox 347 1181 447 1259; x_wconf 83' lang='lat' dir='ltr'><strong>Nilus,</strong></span> <span class='ocrx_word' id='word_1_97' title='bbox 467 1200 525 1244; x_wconf 88' lang='lat' dir='ltr'><strong>nec</strong></span> <span class='ocrx_word' id='word_1_98' title='bbox 539 1193 618 1244; x_wconf 88' lang='lat' dir='ltr'><strong>terra</strong></span> <span class='ocrx_word' id='word_1_99' title='bbox 636 1185 700 1262; x_wconf 87' lang='lat' dir='ltr'><strong>ipsa</strong></span> <span class='ocrx_word' id='word_1_100' title='bbox 718 1182 826 1244; x_wconf 82' lang='lat' dir='ltr'><strong>barbas</strong></span> <span class='ocrx_word' id='word_1_101' title='bbox 847 1185 948 1260; x_wconf 85' lang='lat' dir='ltr'><strong>gignit.</strong></span> <span class='ocrx_word' id='word_1_102' title='bbox 982 1182 1099 1244; x_wconf 89' lang='lat' dir='ltr'><strong>ubertas</strong></span> 
     </span>
     <span class='ocr_line' id='line_1_13' title="bbox 6 1266 1099 1356; baseline -0.005 -25"><span class='ocrx_word' id='word_1_103' title='bbox 6 1342 12 1356; x_wconf 43' lang='grc' dir='ltr'><strong><em>Ι</em></strong></span> <span class='ocrx_word' id='word_1_104' title='bbox 104 1280 199 1331; x_wconf 76' lang='lat' dir='ltr'><strong>mmen</strong></span> <span class='ocrx_word' id='word_1_105' title='bbox 213 1276 291 1328; x_wconf 88' lang='lat' dir='ltr'><strong>tauta</strong></span> <span class='ocrx_word' id='word_1_106' title='bbox 306 1276 351 1327; x_wconf 88' lang='lat' dir='ltr'><strong>est</strong></span> <span class='ocrx_word' id='word_1_107' title='bbox 366 1275 397 1326; x_wconf 91' lang='lat' dir='ltr'><strong>ut</strong></span> <span class='ocrx_word' id='word_1_108' title='bbox 411 1275 553 1344; x_wconf 84' lang='lat' dir='ltr'><strong>sequente</strong></span> <span class='ocrx_word' id='word_1_109' title='bbox 569 1284 643 1326; x_wconf 87' lang='lat' dir='ltr'><strong>auno</strong></span> <span class='ocrx_word' id='word_1_110' title='bbox 656 1274 769 1345; x_wconf 84' lang='lat' dir='ltr'><strong>sponte</strong></span> <span class='ocrx_word' id='word_1_111' title='bbox 791 1266 928 1327; x_wconf 82' lang='lat' dir='ltr'><strong>restibilis</strong></span> <span class='ocrx_word' id='word_1_112' title='bbox 942 1266 994 1326; x_wconf 87' lang='lat' dir='ltr'><strong>liat</strong></span> <span class='ocrx_word' id='word_1_113' title='bbox 1009 1284 1099 1344; x_wconf 84' lang='lat' dir='ltr'><strong>seges</strong></span> 
     </span>
     <span class='ocr_line' id='line_1_14' title="bbox 103 1345 1098 1432; baseline -0.002 -19"><span class='ocrx_word' id='word_1_114' title='bbox 103 1353 244 1432; x_wconf 82' lang='lat' dir='ltr'><strong>inpressis</strong></span> <span class='ocrx_word' id='word_1_115' title='bbox 260 1351 388 1428; x_wconf 86' lang='lat' dir='ltr'><strong>uestigio</strong></span> <span class='ocrx_word' id='word_1_116' title='bbox 402 1349 576 1426; x_wconf 87' lang='lat' dir='ltr'><strong>seminibus,</strong></span> <span class='ocrx_word' id='word_1_117' title='bbox 599 1367 674 1428; x_wconf 83' lang='lat' dir='ltr'><strong>quae</strong></span> <span class='ocrx_word' id='word_1_118' title='bbox 689 1345 767 1411; x_wconf 73' lang='lat' dir='ltr'><strong>tant&#39;a</strong></span> <span class='ocrx_word' id='word_1_119' title='bbox 792 1350 847 1410; x_wconf 92' lang='lat' dir='ltr'><strong>soli</strong></span> <span class='ocrx_word' id='word_1_120' title='bbox 870 1350 1031 1412; x_wconf 88' lang='lat' dir='ltr'><strong>diliereutia</strong></span> <span class='ocrx_word' id='word_1_121' title='bbox 1050 1350 1098 1412; x_wconf 89' lang='lat' dir='ltr'><strong>ad·</strong></span> 
     </span>
     <span class='ocr_line' id='line_1_15' title="bbox 103 1433 783 1512; baseline -0.009 -14"><span class='ocrx_word' id='word_1_122' title='bbox 103 1445 200 1498; x_wconf 87' lang='lat' dir='ltr'><strong>monet</strong></span> <span class='ocrx_word' id='word_1_123' title='bbox 214 1444 311 1495; x_wconf 90' lang='lat' dir='ltr'><strong>terrae</strong></span> <span class='ocrx_word' id='word_1_124' title='bbox 324 1450 433 1512; x_wconf 87' lang='lat' dir='ltr'><strong>genere</strong></span> <span class='ocrx_word' id='word_1_125' title='bbox 447 1435 476 1494; x_wconf 91' lang='lat' dir='ltr'><strong>in</strong></span> <span class='ocrx_word' id='word_1_126' title='bbox 489 1433 590 1511; x_wconf 83' lang='lat' dir='ltr'><strong>fruges</strong></span> <span class='ocrx_word' id='word_1_127' title='bbox 604 1434 783 1494; x_wconf 81' lang='lat' dir='ltr'><strong>describere.</strong></span> 
     </span>
     <span class='ocr_line' id='line_1_16' title="bbox 69 1513 1141 1602; baseline 0 -20"><span class='ocrx_word' id='word_1_128' title='bbox 69 1539 96 1582; x_wconf 83' lang='lat' dir='ltr'><strong>rr</strong></span> <span class='ocrx_word' id='word_1_129' title='bbox 168 1513 250 1602; x_wconf 76' lang='lat'>(46.)</span> <span class='ocrx_word' id='word_1_130' title='bbox 273 1517 363 1595; x_wconf 85' lang='lat' dir='ltr'><strong>lgitur</strong></span> <span class='ocrx_word' id='word_1_131' title='bbox 379 1515 497 1578; x_wconf 82' lang='lat' dir='ltr'><strong>Catonis</strong></span> <span class='ocrx_word' id='word_1_132' title='bbox 512 1517 587 1578; x_wconf 89' lang='lat' dir='ltr'><strong>baec</strong></span> <span class='ocrx_word' id='word_1_133' title='bbox 601 1519 743 1578; x_wconf 89' lang='lat' dir='ltr'><strong>sententia</strong></span> <span class='ocrx_word' id='word_1_134' title='bbox 762 1525 823 1578; x_wconf 90' lang='lat' dir='ltr'><strong>est:</strong></span> <span class='ocrx_word' id='word_1_135' title='bbox 847 1515 875 1575; x_wconf 91' lang='lat' dir='ltr'><strong>in</strong></span> <span class='ocrx_word' id='word_1_136' title='bbox 890 1533 962 1593; x_wconf 89' lang='lat' dir='ltr'><strong>agro</strong></span> <span class='ocrx_word' id='word_1_137' title='bbox 979 1535 1079 1579; x_wconf 90' lang='lat' dir='ltr'><strong>crasso</strong></span> <span class='ocrx_word' id='word_1_138' title='bbox 1090 1527 1141 1582; x_wconf 86' lang='grc'><strong>163</strong></span> 
     </span>
     <span class='ocr_line' id='line_1_17' title="bbox 3 1599 1163 1680; baseline -0.002 -16"><span class='ocrx_word' id='word_1_139' title='bbox 3 1655 4 1664; x_wconf 73' lang='grc'>,</span> <span class='ocrx_word' id='word_1_140' title='bbox 105 1612 134 1663; x_wconf 86' lang='lat' dir='ltr'><strong>et</strong></span> <span class='ocrx_word' id='word_1_141' title='bbox 148 1602 225 1662; x_wconf 88' lang='lat' dir='ltr'><strong>laeto</strong></span> <span class='ocrx_word' id='word_1_142' title='bbox 239 1601 408 1662; x_wconf 79' lang='lat' dir='ltr'><strong>frumentum</strong></span> <span class='ocrx_word' id='word_1_143' title='bbox 428 1603 505 1678; x_wconf 83' lang='lat' dir='ltr'><strong>seri,</strong></span> <span class='ocrx_word' id='word_1_144' title='bbox 528 1602 552 1661; x_wconf 90' lang='lat' dir='ltr'><strong>si</strong></span> <span class='ocrx_word' id='word_1_145' title='bbox 568 1616 641 1660; x_wconf 84' lang='lat' dir='ltr'><strong>uero</strong></span> <span class='ocrx_word' id='word_1_146' title='bbox 655 1599 816 1660; x_wconf 88' lang='lat' dir='ltr'><strong>nebulosus</strong></span> <span class='ocrx_word' id='word_1_147' title='bbox 833 1600 869 1658; x_wconf 90' lang='lat' dir='ltr'><strong>sit</strong></span> <span class='ocrx_word' id='word_1_148' title='bbox 887 1600 979 1676; x_wconf 86' lang='lat' dir='ltr'><strong>idem,</strong></span> <span class='ocrx_word' id='word_1_149' title='bbox 1003 1619 1097 1680; x_wconf 83' lang='lat' dir='ltr'><strong>rapo,</strong></span> <span class='ocrx_word' id='word_1_150' title='bbox 1158 1668 1163 1679; x_wconf 23' lang='lat' dir='ltr'>x</span> 
     </span>
     <span class='ocr_line' id='line_1_18' title="bbox 103 1683 1097 1845; baseline -0.003 -16"><span class='ocrx_word' id='word_1_151' title='bbox 103 1685 248 1841; x_wconf 68' lang='lat' dir='ltr'><strong>llil?</strong></span> <span class='ocrx_word' id='word_1_152' title='bbox 259 1683 584 1845; x_wconf 51' lang='lat' dir='ltr'><strong>utilitati</strong></span> <span class='ocrx_word' id='word_1_153' title='bbox 598 1683 940 1828; x_wconf 63' lang='lat' dir='ltr'><strong>:illibabilis</strong></span> <span class='ocrx_word' id='word_1_154' title='bbox 955 1701 1097 1844; x_wconf 60' lang='lat' dir='ltr'><strong>tillia</strong></span> 
     </span>
     <span class='ocr_line' id='line_1_19' title="bbox 104 1848 1097 1928; baseline -0.006 -15"><span class='ocrx_word' id='word_1_155' title='bbox 104 1852 154 1913; x_wconf 86' lang='lat' dir='ltr'><strong>uel</strong></span> <span class='ocrx_word' id='word_1_156' title='bbox 170 1851 330 1924; x_wconf 82' lang='lat' dir='ltr'><strong>harenoso,</strong></span> <span class='ocrx_word' id='word_1_157' title='bbox 353 1849 378 1911; x_wconf 84' lang='lat' dir='ltr'><strong>si</strong></span> <span class='ocrx_word' id='word_1_158' title='bbox 392 1863 450 1908; x_wconf 92' lang='lat' dir='ltr'><strong>nou</strong></span> <span class='ocrx_word' id='word_1_159' title='bbox 466 1848 502 1908; x_wconf 89' lang='lat' dir='ltr'><strong>sit</strong></span> <span class='ocrx_word' id='word_1_160' title='bbox 516 1866 671 1928; x_wconf 83' lang='lat' dir='ltr'><strong>aquosum,</strong></span> <span class='ocrx_word' id='word_1_161' title='bbox 693 1850 834 1928; x_wconf 88' lang='lat' dir='ltr'><strong>lupinum,</strong></span> <span class='ocrx_word' id='word_1_162' title='bbox 856 1849 979 1910; x_wconf 89' lang='lat' dir='ltr'><strong>increta</strong></span> <span class='ocrx_word' id='word_1_163' title='bbox 1002 1858 1031 1908; x_wconf 91' lang='lat' dir='ltr'><strong>et</strong></span> <span class='ocrx_word' id='word_1_164' title='bbox 1051 1867 1097 1908; x_wconf 91' lang='lat' dir='ltr'><strong>ru·</strong></span> 
     </span>
     <span class='ocr_line' id='line_1_20' title="bbox 68 1932 1097 2011; baseline -0.004 -15"><span class='ocrx_word' id='word_1_165' title='bbox 68 1935 187 1996; x_wconf 78' lang='lat' dir='ltr'><strong>rubrica</strong></span> <span class='ocrx_word' id='word_1_166' title='bbox 202 1943 232 1993; x_wconf 85' lang='lat' dir='ltr'><strong>et</strong></span> <span class='ocrx_word' id='word_1_167' title='bbox 247 1933 402 2011; x_wconf 83' lang='lat' dir='ltr'><strong>aquosiore</strong></span> <span class='ocrx_word' id='word_1_168' title='bbox 428 1947 500 2008; x_wconf 88' lang='lat' dir='ltr'><strong>agro</strong></span> <span class='ocrx_word' id='word_1_169' title='bbox 523 1933 675 2008; x_wconf 83' lang='lat' dir='ltr'><strong>adoreum,</strong></span> <span class='ocrx_word' id='word_1_170' title='bbox 696 1935 724 1992; x_wconf 93' lang='lat' dir='ltr'><strong>iu</strong></span> <span class='ocrx_word' id='word_1_171' title='bbox 746 1933 826 1994; x_wconf 85' lang='lat' dir='ltr'><strong>sicco</strong></span> <span class='ocrx_word' id='word_1_172' title='bbox 844 1939 874 1992; x_wconf 88' lang='lat' dir='ltr'><strong>et</strong></span> <span class='ocrx_word' id='word_1_173' title='bbox 893 1949 950 1992; x_wconf 91' lang='lat' dir='ltr'><strong>nun</strong></span> <span class='ocrx_word' id='word_1_174' title='bbox 968 1932 1097 1993; x_wconf 86' lang='lat' dir='ltr'><strong>herboso</strong></span> 
     </span>
     <span class='ocr_line' id='line_1_21' title="bbox 2 2007 1141 2092; baseline 0.004 -18"><span class='ocrx_word' id='word_1_175' title='bbox 2 2007 3 2074; x_wconf 87' lang='lat' dir='ltr'><strong>l</strong></span> <span class='ocrx_word' id='word_1_176' title='bbox 104 2013 161 2080; x_wconf 87' lang='lat' dir='ltr'><strong>nec</strong></span> <span class='ocrx_word' id='word_1_177' title='bbox 181 2015 318 2078; x_wconf 87' lang='lat' dir='ltr'><strong>umbroso</strong></span> <span class='ocrx_word' id='word_1_178' title='bbox 337 2016 476 2092; x_wconf 84' lang='lat' dir='ltr'><strong>triticum,</strong></span> <span class='ocrx_word' id='word_1_179' title='bbox 499 2015 528 2074; x_wconf 93' lang='lat' dir='ltr'><strong>in</strong></span> <span class='ocrx_word' id='word_1_180' title='bbox 547 2016 612 2074; x_wconf 86' lang='lat' dir='ltr'><strong>solo</strong></span> <span class='ocrx_word' id='word_1_181' title='bbox 630 2015 725 2076; x_wconf 86' lang='lat' dir='ltr'><strong>ualido</strong></span> <span class='ocrx_word' id='word_1_182' title='bbox 748 2015 860 2092; x_wconf 86' lang='lat' dir='ltr'><strong>labam,</strong></span> <span class='ocrx_word' id='word_1_183' title='bbox 887 2017 989 2076; x_wconf 86' lang='lat' dir='ltr'><strong>viciam</strong></span> <span class='ocrx_word' id='word_1_184' title='bbox 1005 2033 1076 2077; x_wconf 84' lang='lat' dir='ltr'><strong>uero</strong></span> <span class='ocrx_word' id='word_1_185' title='bbox 1088 2025 1141 2079; x_wconf 80' lang='lat'><strong>164</strong></span> 
     </span>
     <span class='ocr_line' id='line_1_22' title="bbox 106 2097 1096 2181; baseline -0.002 -19"><span class='ocrx_word' id='word_1_186' title='bbox 106 2119 190 2181; x_wconf 78' lang='lat' dir='ltr'><strong>quam</strong></span> <span class='ocrx_word' id='word_1_187' title='bbox 204 2101 325 2160; x_wconf 88' lang='lat' dir='ltr'><strong>minume</strong></span> <span class='ocrx_word' id='word_1_188' title='bbox 340 2099 368 2158; x_wconf 93' lang='lat' dir='ltr'><strong>in</strong></span> <span class='ocrx_word' id='word_1_189' title='bbox 384 2113 495 2176; x_wconf 87' lang='lat' dir='ltr'><strong>aquoso</strong></span> <span class='ocrx_word' id='word_1_190' title='bbox 510 2097 708 2176; x_wconf 75' lang='lat' dir='ltr'><strong>humidoque,</strong></span> <span class='ocrx_word' id='word_1_191' title='bbox 728 2099 869 2174; x_wconf 75' lang='lat' dir='ltr'><strong>siliginem</strong></span> <span class='ocrx_word' id='word_1_192' title='bbox 888 2107 916 2158; x_wconf 88' lang='lat' dir='ltr'><strong>et</strong></span> <span class='ocrx_word' id='word_1_193' title='bbox 930 2100 1053 2159; x_wconf 89' lang='lat' dir='ltr'><strong>triticum</strong></span> <span class='ocrx_word' id='word_1_194' title='bbox 1067 2101 1096 2160; x_wconf 92' lang='lat' dir='ltr'><strong>iu</strong></span> 
     </span>
     <span class='ocr_line' id='line_1_23' title="bbox 105 2181 1094 2262; baseline -0.003 -17"><span class='ocrx_word' id='word_1_195' title='bbox 105 2185 174 2245; x_wconf 85' lang='lat' dir='ltr'><strong>loco</strong></span> <span class='ocrx_word' id='word_1_196' title='bbox 188 2191 290 2262; x_wconf 88' lang='lat' dir='ltr'><strong>aperto</strong></span> <span class='ocrx_word' id='word_1_197' title='bbox 307 2181 444 2261; x_wconf 83' lang='lat' dir='ltr'><strong>editaque</strong></span> <span class='ocrx_word' id='word_1_198' title='bbox 457 2182 505 2260; x_wconf 83' lang='lat' dir='ltr'><strong>qui</strong></span> <span class='ocrx_word' id='word_1_199' title='bbox 520 2181 583 2241; x_wconf 90' lang='lat' dir='ltr'><strong>sole</strong></span> <span class='ocrx_word' id='word_1_200' title='bbox 596 2199 679 2259; x_wconf 83' lang='lat' dir='ltr'><strong>quam</strong></span> <span class='ocrx_word' id='word_1_201' title='bbox 693 2181 849 2241; x_wconf 86' lang='lat' dir='ltr'><strong>diutissime</strong></span> <span class='ocrx_word' id='word_1_202' title='bbox 865 2189 1019 2257; x_wconf 85' lang='lat' dir='ltr'><strong>torreatur,</strong></span> <span class='ocrx_word' id='word_1_203' title='bbox 1034 2183 1094 2244; x_wconf 91' lang='lat' dir='ltr'><strong>len·</strong></span> 
     </span>
     <span class='ocr_line' id='line_1_24' title="bbox 105 2262 1096 2342; baseline -0.005 -13"><span class='ocrx_word' id='word_1_204' title='bbox 105 2278 164 2329; x_wconf 83' lang='lat' dir='ltr'><strong>tem</strong></span> <span class='ocrx_word' id='word_1_205' title='bbox 176 2269 205 2326; x_wconf 92' lang='lat' dir='ltr'><strong>in</strong></span> <span class='ocrx_word' id='word_1_206' title='bbox 218 2266 339 2328; x_wconf 89' lang='lat' dir='ltr'><strong>rudecto</strong></span> <span class='ocrx_word' id='word_1_207' title='bbox 358 2273 388 2324; x_wconf 90' lang='lat' dir='ltr'><strong>et</strong></span> <span class='ocrx_word' id='word_1_208' title='bbox 400 2263 551 2326; x_wconf 78' lang='lat' dir='ltr'><strong>rubricoso</strong></span> <span class='ocrx_word' id='word_1_209' title='bbox 567 2266 615 2342; x_wconf 82' lang='lat' dir='ltr'><strong>qui</strong></span> <span class='ocrx_word' id='word_1_210' title='bbox 629 2281 687 2324; x_wconf 89' lang='lat' dir='ltr'><strong>uon</strong></span> <span class='ocrx_word' id='word_1_211' title='bbox 701 2265 738 2324; x_wconf 85' lang='lat' dir='ltr'><strong>sit</strong></span> <span class='ocrx_word' id='word_1_212' title='bbox 750 2263 898 2338; x_wconf 88' lang='lat' dir='ltr'><strong>herbidus,</strong></span> <span class='ocrx_word' id='word_1_213' title='bbox 913 2262 1052 2324; x_wconf 86' lang='lat' dir='ltr'><strong>hordeum</strong></span> <span class='ocrx_word' id='word_1_214' title='bbox 1067 2268 1096 2326; x_wconf 93' lang='lat' dir='ltr'><strong>in</strong></span> 
     </span>
     <span class='ocr_line' id='line_1_25' title="bbox 68 2346 1095 2427; baseline -0.006 -15"><span class='ocrx_word' id='word_1_215' title='bbox 68 2350 204 2412; x_wconf 75' lang='lat' dir='ltr'><strong>manuali</strong></span> <span class='ocrx_word' id='word_1_216' title='bbox 219 2358 248 2410; x_wconf 88' lang='lat' dir='ltr'><strong>et</strong></span> <span class='ocrx_word' id='word_1_217' title='bbox 264 2351 292 2410; x_wconf 91' lang='lat' dir='ltr'><strong>iu</strong></span> <span class='ocrx_word' id='word_1_218' title='bbox 307 2365 378 2408; x_wconf 85' lang='lat' dir='ltr'><strong>arro</strong></span> <span class='ocrx_word' id='word_1_219' title='bbox 392 2347 470 2427; x_wconf 82' lang='lat' dir='ltr'><strong>quod</strong></span> <span class='ocrx_word' id='word_1_220' title='bbox 482 2346 614 2409; x_wconf 82' lang='lat' dir='ltr'><strong>restibile</strong></span> <span class='ocrx_word' id='word_1_221' title='bbox 629 2349 723 2426; x_wconf 87' lang='lat' dir='ltr'><strong>possit</strong></span> <span class='ocrx_word' id='word_1_222' title='bbox 739 2347 812 2422; x_wconf 89' lang='lat' dir='ltr'><strong>lieri,</strong></span> <span class='ocrx_word' id='word_1_223' title='bbox 826 2347 971 2407; x_wconf 86' lang='lat' dir='ltr'><strong>trimestre</strong></span> <span class='ocrx_word' id='word_1_224' title='bbox 987 2346 1034 2407; x_wconf 90' lang='lat' dir='ltr'><strong>ubi</strong></span> <span class='ocrx_word' id='word_1_225' title='bbox 1050 2365 1095 2408; x_wconf 90' lang='lat' dir='ltr'><strong>se-</strong></span> 
     </span>
     <span class='ocr_line' id='line_1_26' title="bbox 107 2430 1095 2509; baseline -0.007 -14"><span class='ocrx_word' id='word_1_226' title='bbox 107 2441 381 2495; x_wconf 71' lang='lat' dir='ltr'><strong>mente-maturam</strong></span> <span class='ocrx_word' id='word_1_227' title='bbox 395 2431 494 2490; x_wconf 87' lang='lat' dir='ltr'><strong>lucere</strong></span> <span class='ocrx_word' id='word_1_228' title='bbox 504 2447 562 2490; x_wconf 91' lang='lat' dir='ltr'><strong>uon</strong></span> <span class='ocrx_word' id='word_1_229' title='bbox 575 2433 672 2509; x_wconf 82' lang='lat' dir='ltr'><strong>possis</strong></span> <span class='ocrx_word' id='word_1_230' title='bbox 686 2441 715 2492; x_wconf 93' lang='lat' dir='ltr'><strong>et</strong></span> <span class='ocrx_word' id='word_1_231' title='bbox 727 2431 808 2492; x_wconf 89' lang='lat' dir='ltr'><strong>cuius</strong></span> <span class='ocrx_word' id='word_1_232' title='bbox 822 2430 981 2492; x_wconf 77' lang='lat' dir='ltr'><strong>crassitudo</strong></span> <span class='ocrx_word' id='word_1_233' title='bbox 997 2431 1034 2490; x_wconf 90' lang='lat' dir='ltr'><strong>sit</strong></span> <span class='ocrx_word' id='word_1_234' title='bbox 1048 2447 1095 2490; x_wconf 89' lang='lat' dir='ltr'><strong>re·</strong></span> 
     </span>
     <span class='ocr_line' id='line_1_27' title="bbox 107 2513 1138 2578; baseline -0.001 -1"><span class='ocrx_word' id='word_1_235' title='bbox 107 2517 220 2578; x_wconf 87' lang='lat' dir='ltr'><strong>stibilis.</strong></span> <span class='ocrx_word' id='word_1_236' title='bbox 251 2515 369 2576; x_wconf 82' lang='lat' dir='ltr'><strong>subtilis</strong></span> <span class='ocrx_word' id='word_1_237' title='bbox 391 2521 420 2573; x_wconf 91' lang='lat' dir='ltr'><strong>et</strong></span> <span class='ocrx_word' id='word_1_238' title='bbox 436 2513 487 2574; x_wconf 89' lang='lat' dir='ltr'><strong>illa</strong></span> <span class='ocrx_word' id='word_1_239' title='bbox 508 2515 664 2576; x_wconf 85' lang='lat' dir='ltr'><strong>sententia:</strong></span> <span class='ocrx_word' id='word_1_240' title='bbox 693 2514 818 2574; x_wconf 88' lang='lat' dir='ltr'><strong>serenda</strong></span> <span class='ocrx_word' id='word_1_241' title='bbox 837 2532 874 2574; x_wconf 90' lang='lat' dir='ltr'><strong>ea</strong></span> <span class='ocrx_word' id='word_1_242' title='bbox 892 2513 921 2572; x_wconf 94' lang='lat' dir='ltr'><strong>in</strong></span> <span class='ocrx_word' id='word_1_243' title='bbox 944 2515 1075 2576; x_wconf 88' lang='lat' dir='ltr'><strong>tenuiore</strong></span> <span class='ocrx_word' id='word_1_244' title='bbox 1087 2522 1138 2576; x_wconf 85' lang='lat'><strong>165</strong></span> 
     </span>
     <span class='ocr_line' id='line_1_28' title="bbox 107 2595 1096 2677; baseline -0.002 -17"><span class='ocrx_word' id='word_1_245' title='bbox 107 2609 187 2662; x_wconf 90' lang='lat' dir='ltr'><strong>terra</strong></span> <span class='ocrx_word' id='word_1_246' title='bbox 200 2617 274 2677; x_wconf 84' lang='lat' dir='ltr'><strong>qnae</strong></span> <span class='ocrx_word' id='word_1_247' title='bbox 290 2615 347 2658; x_wconf 92' lang='lat' dir='ltr'><strong>nou</strong></span> <span class='ocrx_word' id='word_1_248' title='bbox 361 2595 451 2657; x_wconf 88' lang='lat' dir='ltr'><strong>multo</strong></span> <span class='ocrx_word' id='word_1_249' title='bbox 465 2597 593 2674; x_wconf 88' lang='lat' dir='ltr'><strong>indigent</strong></span> <span class='ocrx_word' id='word_1_250' title='bbox 606 2614 695 2673; x_wconf 86' lang='lat' dir='ltr'><strong>suco,</strong></span> <span class='ocrx_word' id='word_1_251' title='bbox 716 2606 748 2657; x_wconf 92' lang='lat' dir='ltr'><strong>ut</strong></span> <span class='ocrx_word' id='word_1_252' title='bbox 766 2598 872 2672; x_wconf 74' lang='lat' dir='ltr'><strong>cytisus</strong></span> <span class='ocrx_word' id='word_1_253' title='bbox 887 2605 918 2658; x_wconf 88' lang='lat' dir='ltr'><strong>et</strong></span> <span class='ocrx_word' id='word_1_254' title='bbox 933 2597 1031 2659; x_wconf 88' lang='lat' dir='ltr'><strong>cicere</strong></span> <span class='ocrx_word' id='word_1_255' title='bbox 1046 2617 1096 2658; x_wconf 84' lang='lat' dir='ltr'><strong>ex·</strong></span> 
     </span>
     <span class='ocr_line' id='line_1_29' title="bbox 109 2679 1097 2762; baseline -0.004 -18"><span class='ocrx_word' id='word_1_256' title='bbox 109 2692 196 2762; x_wconf 89' lang='lat' dir='ltr'><strong>cepto</strong></span> <span class='ocrx_word' id='word_1_257' title='bbox 212 2681 356 2760; x_wconf 87' lang='lat' dir='ltr'><strong>legumina</strong></span> <span class='ocrx_word' id='word_1_258' title='bbox 369 2697 444 2758; x_wconf 85' lang='lat' dir='ltr'><strong>quae</strong></span> <span class='ocrx_word' id='word_1_259' title='bbox 466 2679 610 2740; x_wconf 78' lang='lat' dir='ltr'><strong>velluntur</strong></span> <span class='ocrx_word' id='word_1_260' title='bbox 628 2699 645 2740; x_wconf 90' lang='lat' dir='ltr'><strong>e</strong></span> <span class='ocrx_word' id='word_1_261' title='bbox 663 2689 757 2755; x_wconf 87' lang='lat' dir='ltr'><strong>terra,</strong></span> <span class='ocrx_word' id='word_1_262' title='bbox 779 2697 836 2740; x_wconf 93' lang='lat' dir='ltr'><strong>non</strong></span> <span class='ocrx_word' id='word_1_263' title='bbox 851 2679 1038 2746; x_wconf 83' lang='lat' dir='ltr'><strong>subsecantur</strong></span> <span class='ocrx_word' id='word_1_264' title='bbox 1054 2713 1097 2726; x_wconf 83' lang='lat'><strong>-—</strong></span> 
     </span>
     <span class='ocr_line' id='line_1_30' title="bbox 70 2762 1096 2842; baseline -0.003 -16"><span class='ocrx_word' id='word_1_265' title='bbox 70 2767 182 2828; x_wconf 82' lang='lat' dir='ltr'><strong>aonude</strong></span> <span class='ocrx_word' id='word_1_266' title='bbox 197 2774 227 2825; x_wconf 86' lang='lat' dir='ltr'><strong>et</strong></span> <span class='ocrx_word' id='word_1_267' title='bbox 241 2763 383 2841; x_wconf 88' lang='lat' dir='ltr'><strong>legumina</strong></span> <span class='ocrx_word' id='word_1_268' title='bbox 398 2762 561 2839; x_wconf 87' lang='lat' dir='ltr'><strong>appellata,</strong></span> <span class='ocrx_word' id='word_1_269' title='bbox 584 2765 648 2840; x_wconf 81' lang='lat' dir='ltr'><strong>quia</strong></span> <span class='ocrx_word' id='word_1_270' title='bbox 670 2764 708 2822; x_wconf 88' lang='lat' dir='ltr'><strong>ita</strong></span> <span class='ocrx_word' id='word_1_271' title='bbox 728 2762 862 2839; x_wconf 87' lang='lat' dir='ltr'><strong>leguntur</strong></span> <span class='ocrx_word' id='word_1_272' title='bbox 876 2795 932 2839; x_wconf 85' lang='lat'><strong>-—‚</strong></span> <span class='ocrx_word' id='word_1_273' title='bbox 955 2764 984 2822; x_wconf 90' lang='lat' dir='ltr'><strong>in</strong></span> <span class='ocrx_word' id='word_1_274' title='bbox 998 2763 1096 2842; x_wconf 82' lang='lat' dir='ltr'><strong>pingui</strong></span> 
     </span>
     <span class='ocr_line' id='line_1_31' title="bbox 108 2844 1095 2927; baseline -0.008 -16"><span class='ocrx_word' id='word_1_275' title='bbox 108 2858 203 2912; x_wconf 90' lang='lat' dir='ltr'><strong>autem</strong></span> <span class='ocrx_word' id='word_1_276' title='bbox 218 2865 293 2927; x_wconf 83' lang='lat' dir='ltr'><strong>quae</strong></span> <span class='ocrx_word' id='word_1_277' title='bbox 318 2846 374 2906; x_wconf 90' lang='lat' dir='ltr'><strong>cibi</strong></span> <span class='ocrx_word' id='word_1_278' title='bbox 390 2853 455 2904; x_wconf 89' lang='lat' dir='ltr'><strong>sunt</strong></span> <span class='ocrx_word' id='word_1_279' title='bbox 472 2845 604 2921; x_wconf 88' lang='lat' dir='ltr'><strong>maioris,</strong></span> <span class='ocrx_word' id='word_1_280' title='bbox 626 2854 656 2904; x_wconf 91' lang='lat' dir='ltr'><strong>ut</strong></span> <span class='ocrx_word' id='word_1_281' title='bbox 671 2844 752 2918; x_wconf 82' lang='lat' dir='ltr'><strong>olus,</strong></span> <span class='ocrx_word' id='word_1_282' title='bbox 774 2845 915 2921; x_wconf 87' lang='lat' dir='ltr'><strong>triticum,</strong></span> <span class='ocrx_word' id='word_1_283' title='bbox 936 2845 1038 2922; x_wconf 85' lang='lat' dir='ltr'><strong>siligo,</strong></span> <span class='ocrx_word' id='word_1_284' title='bbox 1063 2845 1095 2904; x_wconf 95' lang='lat' dir='ltr'><strong>li·</strong></span> 
     </span>
     <span class='ocr_line' id='line_1_32' title="bbox 108 2926 1096 3005; baseline -0.006 -13"><span class='ocrx_word' id='word_1_285' title='bbox 108 2949 182 2992; x_wconf 90' lang='lat' dir='ltr'><strong>num.</strong></span> <span class='ocrx_word' id='word_1_286' title='bbox 222 2931 266 2990; x_wconf 89' lang='lat' dir='ltr'><strong>sic</strong></span> <span class='ocrx_word' id='word_1_287' title='bbox 287 2945 359 3005; x_wconf 87' lang='lat' dir='ltr'><strong>ergo</strong></span> <span class='ocrx_word' id='word_1_288' title='bbox 382 2937 468 2998; x_wconf 88' lang='lat' dir='ltr'><strong>tenue</strong></span> <span class='ocrx_word' id='word_1_289' title='bbox 489 2927 583 2988; x_wconf 92' lang='lat' dir='ltr'><strong>solum</strong></span> <span class='ocrx_word' id='word_1_290' title='bbox 602 2927 712 2988; x_wconf 89' lang='lat' dir='ltr'><strong>hordeo</strong></span> <span class='ocrx_word' id='word_1_291' title='bbox 728 2926 840 2988; x_wconf 89' lang='lat' dir='ltr'><strong>dabitur</strong></span> <span class='ocrx_word' id='word_1_292' title='bbox 853 2958 896 2974; x_wconf 89' lang='lat'><strong>—·</strong></span> <span class='ocrx_word' id='word_1_293' title='bbox 909 2929 1001 2988; x_wconf 89' lang='lat' dir='ltr'><strong>miuus</strong></span> <span class='ocrx_word' id='word_1_294' title='bbox 1021 2929 1096 2988; x_wconf 89' lang='lat' dir='ltr'><strong>enim</strong></span> 
     </span>
     <span class='ocr_line' id='line_1_33' title="bbox 109 3010 1138 3092; baseline -0.003 -16"><span class='ocrx_word' id='word_1_295' title='bbox 109 3015 235 3076; x_wconf 81' lang='lat' dir='ltr'><strong>alimenti</strong></span> <span class='ocrx_word' id='word_1_296' title='bbox 248 3013 331 3074; x_wconf 80' lang='lat' dir='ltr'><strong>radix</strong></span> <span class='ocrx_word' id='word_1_297' title='bbox 344 3012 440 3089; x_wconf 85' lang='lat' dir='ltr'><strong>poscit</strong></span> <span class='ocrx_word' id='word_1_298' title='bbox 453 3045 510 3088; x_wconf 84' lang='lat'><strong>-,</strong></span> <span class='ocrx_word' id='word_1_299' title='bbox 527 3011 620 3073; x_wconf 93' lang='lat' dir='ltr'><strong>leuior</strong></span> <span class='ocrx_word' id='word_1_300' title='bbox 634 3020 712 3072; x_wconf 88' lang='lat' dir='ltr'><strong>terra</strong></span> <span class='ocrx_word' id='word_1_301' title='bbox 727 3010 900 3092; x_wconf 80' lang='lat' dir='ltr'><strong>densiorque</strong></span> <span class='ocrx_word' id='word_1_302' title='bbox 915 3010 1020 3073; x_wconf 88' lang='lat' dir='ltr'><strong>tritico.</strong></span> <span class='ocrx_word' id='word_1_303' title='bbox 1046 3011 1075 3070; x_wconf 92' lang='lat' dir='ltr'><strong>in</strong></span> <span class='ocrx_word' id='word_1_304' title='bbox 1086 3017 1138 3073; x_wconf 82' lang='lat'><strong>166</strong></span> 
     </span>
     <span class='ocr_line' id='line_1_34' title="bbox 2 3093 1094 3172; baseline -0.005 -13"><span class='ocrx_word' id='word_1_305' title='bbox 2 3095 3 3140; x_wconf 70' lang='lat' dir='ltr'><strong>l</strong></span> <span class='ocrx_word' id='word_1_306' title='bbox 109 3098 177 3158; x_wconf 88' lang='lat' dir='ltr'><strong>loco</strong></span> <span class='ocrx_word' id='word_1_307' title='bbox 204 3096 342 3156; x_wconf 87' lang='lat' dir='ltr'><strong>umidiore</strong></span> <span class='ocrx_word' id='word_1_308' title='bbox 366 3093 411 3154; x_wconf 90' lang='lat' dir='ltr'><strong>lar</strong></span> <span class='ocrx_word' id='word_1_309' title='bbox 436 3095 571 3156; x_wconf 88' lang='lat' dir='ltr'><strong>adoreum</strong></span> <span class='ocrx_word' id='word_1_310' title='bbox 593 3094 689 3172; x_wconf 87' lang='lat' dir='ltr'><strong>potius</strong></span> <span class='ocrx_word' id='word_1_311' title='bbox 716 3111 800 3172; x_wconf 82' lang='lat' dir='ltr'><strong>quarn</strong></span> <span class='ocrx_word' id='word_1_312' title='bbox 824 3094 946 3154; x_wconf 77' lang='lat' dir='ltr'><strong>uilicum</strong></span> <span class='ocrx_word' id='word_1_313' title='bbox 970 3101 1094 3171; x_wconf 84' lang='lat' dir='ltr'><strong>seretur,</strong></span> 
     </span>
     <span class='ocr_line' id='line_1_35' title="bbox 2 3175 1094 3259; baseline -0.007 -16"><span class='ocrx_word' id='word_1_314' title='bbox 2 3181 3 3184; x_wconf 71' lang='grc'>’</span> <span class='ocrx_word' id='word_1_315' title='bbox 73 3187 272 3259; x_wconf 79' lang='lat' dir='ltr'><strong>retemperato</strong></span> <span class='ocrx_word' id='word_1_316' title='bbox 286 3187 315 3240; x_wconf 91' lang='lat' dir='ltr'><strong>et</strong></span> <span class='ocrx_word' id='word_1_317' title='bbox 328 3177 452 3238; x_wconf 86' lang='lat' dir='ltr'><strong>triticum</strong></span> <span class='ocrx_word' id='word_1_318' title='bbox 468 3186 498 3238; x_wconf 86' lang='lat' dir='ltr'><strong>et</strong></span> <span class='ocrx_word' id='word_1_319' title='bbox 514 3177 664 3239; x_wconf 88' lang='lat' dir='ltr'><strong>bordeum.</strong></span> <span class='ocrx_word' id='word_1_320' title='bbox 698 3177 791 3239; x_wconf 87' lang='lat' dir='ltr'><strong>colles</strong></span> <span class='ocrx_word' id='word_1_321' title='bbox 806 3175 951 3236; x_wconf 82' lang='lat' dir='ltr'><strong>robustius</strong></span> <span class='ocrx_word' id='word_1_322' title='bbox 971 3176 1024 3239; x_wconf 91' lang='lat' dir='ltr'><strong>sed</strong></span> <span class='ocrx_word' id='word_1_323' title='bbox 1043 3178 1094 3235; x_wconf 91' lang='lat' dir='ltr'><strong>mi·</strong></span> 
     </span>
     <span class='ocr_line' id='line_1_36' title="bbox 109 3259 1094 3350; baseline -0.005 -25"><span class='ocrx_word' id='word_1_324' title='bbox 109 3283 161 3325; x_wconf 90' lang='lat' dir='ltr'><strong>uus</strong></span> <span class='ocrx_word' id='word_1_325' title='bbox 179 3260 302 3324; x_wconf 90' lang='lat' dir='ltr'><strong>reddunt</strong></span> <span class='ocrx_word' id='word_1_326' title='bbox 320 3261 453 3350; x_wconf 64' lang='lat' dir='ltr'><strong>triticum.</strong></span> <span class='ocrx_word' id='word_1_327' title='bbox 483 3259 537 3338; x_wconf 86' lang='lat' dir='ltr'><strong>iar,</strong></span> <span class='ocrx_word' id='word_1_328' title='bbox 553 3261 638 3337; x_wconf 84' lang='lat' dir='ltr'><strong>siligo</strong></span> <span class='ocrx_word' id='word_1_329' title='bbox 657 3269 687 3320; x_wconf 91' lang='lat' dir='ltr'><strong>et</strong></span> <span class='ocrx_word' id='word_1_330' title='bbox 709 3270 853 3322; x_wconf 90' lang='lat' dir='ltr'><strong>cretosum</strong></span> <span class='ocrx_word' id='word_1_331' title='bbox 875 3269 904 3320; x_wconf 90' lang='lat' dir='ltr'><strong>et</strong></span> <span class='ocrx_word' id='word_1_332' title='bbox 925 3259 1094 3337; x_wconf 90' lang='lat' dir='ltr'><strong>uliginosum</strong></span> 
     </span>
     <span class='ocr_line' id='line_1_37' title="bbox 110 3344 382 3408; baseline -0.026 0"><span class='ocrx_word' id='word_1_333' title='bbox 110 3347 203 3408; x_wconf 87' lang='lat' dir='ltr'><strong>solum</strong></span> <span class='ocrx_word' id='word_1_334' title='bbox 219 3344 382 3404; x_wconf 89' lang='lat' dir='ltr'><strong>sortiuntur.</strong></span> 
     </span>
    </p>
   </div>
   <div class='ocr_carea' id='block_1_3' title="bbox 174 3424 1094 3506">
    <p class='ocr_par' dir='ltr' id='par_1_3' title="bbox 174 3424 1094 3506">
     <span class='ocr_line' id='line_1_38' title="bbox 174 3424 1094 3506; baseline -0.005 -16"><span class='ocrx_word' id='word_1_335' title='bbox 174 3428 222 3490; x_wconf 80' lang='lat'><strong>18.</strong></span> <span class='ocrx_word' id='word_1_336' title='bbox 244 3425 280 3488; x_wconf 82' lang='lat' dir='ltr'><strong>Et</strong></span> <span class='ocrx_word' id='word_1_337' title='bbox 291 3424 420 3503; x_wconf 73' lang='lat' dir='ltr'><strong>frugibus</strong></span> <span class='ocrx_word' id='word_1_338' title='bbox 433 3433 574 3486; x_wconf 90' lang='lat' dir='ltr'><strong>ostentum</strong></span> <span class='ocrx_word' id='word_1_339' title='bbox 586 3425 687 3503; x_wconf 91' lang='lat' dir='ltr'><strong>semel,</strong></span> <span class='ocrx_word' id='word_1_340' title='bbox 700 3427 777 3506; x_wconf 85' lang='lat' dir='ltr'><strong>quod</strong></span> <span class='ocrx_word' id='word_1_341' title='bbox 788 3425 918 3504; x_wconf 85' lang='lat' dir='ltr'><strong>equidem</strong></span> <span class='ocrx_word' id='word_1_342' title='bbox 927 3426 1094 3504; x_wconf 84' lang='lat' dir='ltr'><strong>invenerim,</strong></span> 
     </span>
    </p>
   </div>
   <div class='ocr_carea' id='block_1_4' title="bbox 0 0 1272 3866">
    <p class='ocr_par' dir='ltr' id='par_1_4' title="bbox 0 0 1272 3866">
     <span class='ocr_line' id='line_1_39' title="bbox 0 0 1272 3866; baseline 0 0"><span class='ocrx_word' id='word_1_343' title='bbox 0 0 1272 3866; x_wconf 95' lang='lat' dir='ltr'><strong> </strong></span> 
     </span>
    </p>
   </div>
  </div>
 </body>
</html>
