2534 3866
187 180 247 244 118
526 193 557 241 o.
572 194 668 242 rursu
686 194 833 280 snopnnr

187 349 300 408 ocinum
311 356 416 422 vocat,
431 359 494 424 'qno
512 348 651 408 sistebant
666 347 761 406 alvom
779 346 881 407 bubus.
910 347 939 406 id
961 354 1023 406 erat
1039 364 1055 404 e
1078 348 1176 424 pabuli

186 440 289 508 segete
312 429 404 490 viride
425 430 572 490 desectum
597 440 747 509 antequam
770 431 892 508 gelaret.
934 429 1006 488 Sura
1033 427 1176 490 Mamilius

188 515 270 575 aliter
280 513 313 573 id
330 515 532 592 interpretatur
553 523 583 572 et
604 513 689 574 tradit
708 514 793 574 labae
808 514 920 574 modios
940 513 1059 588 decem,
1081 515 1174 574 viciae

186 599 275 673 duos,
297 598 460 657 tantundem
478 597 596 657 erviliae
612 598 641 656 in
663 598 764 675 ingero
782 606 914 657 autumno
930 598 1047 656 misceri
1068 605 1096 655 et
1116 599 1175 657 seri
1264 599 1265 624 ³

186 681 306 756 solitos,
332 681 434 740 melius
456 689 485 740 et
498 697 588 740 avena
610 679 737 757 Graeca,
759 683 804 741 cui
823 697 880 739 non
901 680 976 740 cadit
996 698 1105 756 semen,
1127 681 1199 742 ads

186 766 282 826 mixta.
312 763 369 824 hoc
383 765 538 823 vocitatum
558 765 670 823 ocinum
690 762 833 841 boumque
854 781 940 828 causa
966 765 1024 823 seri
1051 765 1172 824 solitum.

185 849 278 909 Varro
300 847 474 926 appellatum
495 865 511 906 a
534 847 682 907 eeleritate
708 847 897 925 proveniendi
922 865 939 906 e
960 845 1073 908 Gracco
1098 849 1174 926 quod

186 922 295 1002 ὠκέως
307 931 411 990 dicunt.
569 1006 571 1009 ἱ
1264 975 1265 982 κ

144 1009 205 1080 144’
267 1014 349 1092 (43.)
372 1011 483 1072 llediea
504 1022 622 1074 externa
644 1015 728 1074 etiam
748 1011 888 1074 Graeciae
910 1021 970 1088 est,
990 1023 1058 1072 uta
1084 1014 1175 1074 Medis
1264 1067 1265 1074 ,

186 1099 307 1158 advecta
324 1113 376 1174 per
397 1095 475 1156 bella
490 1096 657 1173 Persarum,
679 1116 754 1176 quae
768 1098 871 1158 Darius
887 1097 993 1172 intulit,
1014 1097 1130 1157 sedvel
1147 1100 1208 1157 inm
1264 1103 1265 1178 l

186 1181 284 1258 primis
300 1179 428 1240 dicenda.
462 1184 539 1244 tanta
554 1182 606 1241 dos
623 1183 660 1259 ei,
678 1200 740 1241 cum
756 1199 793 1241 ex
808 1197 863 1240 uno
880 1189 941 1240 satu
957 1181 1074 1258 amplius
1090 1198 1175 1259 quam
1264 1185 1265 1234 t

185 1263 302 1322 tricenis
319 1264 398 1322 annis
416 1263 506 1322 duret.
538 1264 636 1330 similis
653 1273 698 1323 est
709 1264 821 1324 trifolio
844 1264 926 1324 caule
946 1263 1099 1342 foliisque,
1119 1279 1174 1340 ge·
1264 1321 1265 1330 ,

185 1345 319 1406 niculata.
346 1346 481 1424 quidquid
492 1349 521 1406 in
537 1339 761 1424 carile‘adsurgit
775 1348 845 1407 lolia
858 1347 1069 1407 contrahuntur.
1091 1366 1175 1407 unum

63 1451 66 1460 ²
147 1428 244 1494 lls'de
261 1445 296 1488 ea
315 1439 344 1488 et
361 1430 452 1504 cytiso
472 1430 608 1490 volumen
624 1430 807 1508 Amphilochi
823 1440 868 1490 est
890 1430 1048 1490 confusum.
1076 1432 1174 1492 Solum

186 1513 214 1571 in
232 1530 288 1590 quo
312 1522 422 1572 seratur
446 1513 617 1593 elapidatum
639 1523 846 1592 purgatumque
874 1513 1013 1589 subigitur
1032 1523 1207 1589 autumamus
1264 1543 1265 1562 r

110 1613 113 1620 ·
185 1613 252 1656 mox
272 1605 380 1656 aratum
397 1605 426 1656 et
448 1607 578 1657 occatum
602 1598 738 1674 integitur
763 1606 842 1658 orate
867 1598 969 1658 iterum
993 1615 1028 1656 ae
1051 1598 1173 1673 tertium,

86 1729 91 1741 ,
187 1679 278 1758 quinis
299 1679 400 1739 diebus
421 1681 599 1758 interpositis
616 1681 724 1752 ctllmo
746 1682 853 1742 addito.
888 1681 984 1759 poscit
1003 1690 1097 1740 autem
1119 1681 1173 1740 sic·
1264 1679 1265 1700 ¹

187 1782 250 1824 cum
266 1781 457 1841 sucosumque
472 1765 519 1823 vel
540 1765 659 1841 riguum.
695 1766 733 1824 ita
754 1773 926 1844 praeparato
951 1765 1054 1824 seritur
1073 1780 1174 1823 mense
1264 1749 1265 1830 l

145 1856 196 1910 146
206 1846 300 1922 Maio,
331 1847 402 1906 alias
428 1847 534 1923 pruinis
564 1847 696 1906 obnoxia.
728 1865 800 1926 opus
822 1856 867 1906 est
890 1849 1030 1906 densitate
1058 1847 1175 1904 seminis

188 1929 280 1988 omnia
301 1931 438 2006 occupari
464 1931 739 2009 internascentisque
761 1929 867 1990 herhas
890 1931 1013 1990 excludi.
1045 1929 1073 1989 id
1091 1948 1211 2007 prae-ao
1264 1961 1265 2000 r

187 2019 261 2070 stant
290 2011 392 2088 iugero
419 2012 505 2071 modii
525 2015 628 2088 viceni.
667 2015 822 2074 cavendum
847 2032 882 2072 ne
907 2015 1055 2088 aduratur,
1084 2022 1173 2072 terra·
1264 2001 1265 2036 l

187 2107 242 2171 que
258 2097 387 2172 protinus
402 2096 606 2172 integidehet.
637 2099 662 2156 si
677 2099 717 2168 sit
728 2097 849 2156 umidum
864 2097 957 2158 solum
970 2096 1173 2172 herbosumve,
1264 2071 1265 2124 l

186 2179 306 2237 vincitur
330 2187 358 2236 et
373 2179 508 2238 desciscit
523 2181 552 2239 in
566 2189 685 2257 pratum.
722 2181 788 2240 ideo
807 2181 935 2256 protinus
956 2180 1103 2239 altitudine
1125 2197 1173 2238 un·

142 2286 147 2290 -
187 2261 253 2321 ciali
273 2260 370 2322 herbis
394 2262 522 2322 omnibus
538 2262 688 2322 liberanda
710 2271 770 2338 est,
792 2277 875 2323 manu
896 2265 1093 2340 potiusquam
1115 2280 1174 2322 sar·
1264 2253 1265 2296 t

187 2343 262 2404 culo.
279 2354 392 2404 secatur
407 2345 546 2421 incipiens
560 2345 666 2404 florere
679 2353 708 2403 et
715 2347 847 2422 quotiens
861 2344 998 2405 refloruit.
1017 2347 1045 2406 id
1058 2347 1174 2406 sexiens
1184 2368 1211 2408 cs

66 2463 72 2476 ·
145 2437 194 2491 147
209 2427 302 2484 evenit
318 2445 372 2504 per
386 2440 485 2484 annos
517 2445 579 2486 oum
592 2428 758 2503 minumum,
781 2438 891 2509 quater.
924 2429 956 2488 ln
973 2446 1072 2488 semen
1086 2438 1174 2488 matu·

186 2522 304 2571 rescere
320 2507 498 2585 prohibenda
519 2519 579 2585 est,
604 2512 669 2587 quia
691 2510 825 2588 pabulum
850 2513 944 2572 utilius
963 2507 1010 2570 'est
1031 2512 1175 2588 usquead

185 2592 334 2651 trimatum.
365 2608 454 2650 verno
481 2593 562 2651 sariri
583 2592 670 2652 dehet
685 2593 861 2672 liberarique
876 2597 982 2656 ceteris
1003 2595 1117 2670 herbis,
1138 2593 1175 2654 ad

185 2675 324 2732 trimatum
338 2676 438 2733 marris
454 2674 489 2734 ad
505 2675 597 2744 solum
611 2677 682 2736 radi.
706 2678 746 2736 ita
760 2679 890 2756 reliquae
905 2677 1014 2738 herbae
1029 2679 1175 2736 intereunt

186 2758 246 2815 sine
262 2757 351 2834 ipsius
375 2757 476 2816 damno
498 2767 618 2836 propter
633 2759 808 2820 altitudinem
821 2761 966 2820 radicum.
997 2763 1020 2819 si
1034 2761 1174 2820 evicerint
1186 2778 1214 2818 co

185 2839 311 2914 herbae,
332 2840 487 2899 remedium
502 2843 615 2902 unicum
633 2844 739 2916 aratio,
760 2844 876 2920 saepius
902 2844 1058 2918 vertendo,
1079 2843 1175 2904 donee

144 2933 194 2987 148
206 2939 306 2982 omnes
320 2923 394 2982 aliae
408 2923 520 2982 radices
535 2925 684 2985 intereant.
718 2925 788 2984 llari
809 2943 865 2985 non
886 2928 923 2988 ad
943 2929 1104 2986 satietatem
1125 2927 1173 2987 de-

184 3006 251 3081 bet,
265 3023 302 3064 ne
316 3005 437 3083 deplere
455 3009 620 3083 sanguinem
633 3025 755 3068 necesse
773 3009 818 3068 sit.
847 3005 875 3069 et
892 3010 988 3068 viridis
1005 3008 1101 3068 utilior
1118 3019 1173 3068 est.
1264 3039 1265 3076 r

184 3089 290 3149 arescit
305 3087 455 3149 surculose
473 3105 507 3147 ac
520 3100 667 3167 postremo
680 3093 710 3150 in
724 3091 873 3168 pulverem
888 3091 1015 3151 inutilem
1037 3101 1173 3152 extenua·
1264 3087 1265 3166 l

159 3179 237 3232 'tun
286 3170 331 3230 lle
358 3173 466 3246 cytiso,
495 3175 540 3231 cui
566 3183 595 3232 et
624 3175 679 3252 ipsi
706 3175 881 3254 principatus
913 3175 995 3235 datur
1028 3176 1057 3234 in
1082 3175 1214 3253 pabo-as

144 3253 272 3328 ramulis,
293 3252 408 3313 adfatim
423 3253 543 3314 diximus
557 3257 631 3316 inter
645 3257 772 3321 frutices.
789 3267 817 3316 et
832 3275 905 3316 nunc
920 3257 1032 3335 frugum
1050 3259 1175 3318 omnium

183 3344 281 3396 natura
306 3337 473 3413 peragenda
489 3347 548 3415 est,
569 3341 648 3400 cuius
670 3340 699 3398 in
719 3349 801 3420 parte
817 3339 853 3398 de
873 3339 981 3401 morbis
998 3357 1114 3418 quoque
1132 3340 1174 3400 di·

51 3473 53 3476 ,
151 3427 271 3478 suatur.
