2538 3864
169 197 231 260 284
512 205 542 253 c.
558 205 654 252 ιιιιι
668 202 819 254 succum
952 199 956 208 ·

168 357 1176 438 tionendriruscccipieudumitsqueosvericonvesistpriusquum

169 466 202 507 se
224 445 347 506 condent
372 451 535 522 serpentes.
571 443 652 520 signu
674 451 757 502 eruut
779 451 822 502 tot
843 439 969 519 herbae,
990 449 1034 500 tot
1052 439 1177 500 arbores

168 531 348 608 fruticesque
363 527 400 589 eb
416 543 531 587 emersu
547 543 643 586 eurum
659 526 694 586 nd
710 525 850 586 latebrunr
865 541 957 606 usum
975 532 1130 585 vernantes
1146 531 1177 582 et

169 613 218 691 vel
238 613 342 674 iruxini
362 621 469 672 tentum
488 608 561 670 folio
580 627 636 670 nec
657 619 761 688 postea
777 609 925 670 nascentis
945 625 1001 668 uec
1017 616 1083 668 unte
1095 607 1176 668 deci-

170 698 276 759 dentia.
305 705 335 756 et
352 695 459 756 boletis
477 693 592 772 quidem
608 703 689 757 ortus
706 710 889 771 occasusque
905 693 998 751 omnis
1018 693 1091 752 intre
1113 691 1202 751 diess

171 799 204 843 se
227 790 287 840 tem
304 785 358 840 est.

127 873 162 929 96
207 798 284 926 pbb.
309 863 393 942 (47.)
415 860 580 940 Fungorurn
596 861 703 922 lentior
716 871 816 921 ustura
832 869 862 920 et
881 876 1037 920 numerose
1055 875 1176 936 genere,

170 948 223 1008 sed
238 947 322 1023 origo
338 962 395 1006 nnn
411 946 465 1006 uisi
488 963 526 1006 ex
550 947 649 1024 pituita
673 944 820 1006 orborum.
853 943 985 1004 tutissimi
1006 943 1056 1024 qui
1075 942 1179 1002 rubent

171 1031 247 1094 coilo
271 1032 363 1091 minus
383 1029 473 1092 diluto
493 1029 600 1090 rubore
624 1045 709 1108 quum
731 1028 840 1103 boleti,
875 1044 944 1088 mox
964 1027 1077 1088 candidi
1099 1026 1180 1086 reiut

171 1117 255 1196 spice
277 1114 397 1175 fluminis
420 1108 579 1191 insignibus
594 1109 753 1193 pediculis,
774 1113 889 1172 tertium
910 1129 1004 1190 genus
1029 1109 1107 1170 suilli
1126 1127 1211 1170 ves-ro

170 1201 251 1261 neuis
277 1196 568 1268 adcommodatissimi
591 1196 714 1258 familias
738 1213 832 1275 nuper
860 1198 1034 1256 interemere
1066 1203 1097 1254 et
1118 1202 1178 1254 totu

172 1281 320 1354 convivia,
339 1278 490 1340 Annaeum
508 1281 649 1340 Serenum
669 1279 850 1358 preelectum
869 1278 995 1338 Neronis
1013 1277 1133 1354 vigilum
1150 1284 1178 1335 et

129 1365 298 1439 otpribuuos
320 1364 575 1440 centurionesque.
614 1381 690 1440 quse
707 1361 842 1439 voluptas
861 1371 940 1424 tento
962 1367 1026 1422 mm
1042 1360 1177 1439 ancipitis

172 1443 248 1506 nibil
274 1445 388 1524 quidem
409 1443 577 1504 discrevere
594 1443 728 1505 arborum
744 1444 919 1523 generibus,
943 1444 1018 1520 dcc,
1039 1443 1134 1505 iernle
1149 1452 1179 1502 et

130 1552 157 1596 n,
169 1550 190 1586 n
203 1527 333 1590 cummim
346 1526 518 1603 ferentibus,
535 1544 593 1588 uon
612 1527 680 1588 item
690 1528 771 1606 iugo,
784 1527 904 1603 robore,
924 1545 1078 1607 cupresso,
1094 1537 1125 1587 ut
1136 1527 1177 1587 di·
1189 1549 1212 1589 ιι

172 1613 275 1672 rrimus.
308 1613 362 1672 sed
383 1612 437 1672 isto
460 1612 527 1688 quis
545 1611 671 1690 spondet
695 1613 724 1671 in
744 1609 918 1672 venalibus?
945 1613 1071 1672 omnium
1094 1611 1179 1670 colos

172 1695 286 1756 lividus
314 1694 361 1757 hic
381 1694 500 1756 hebebit
521 1697 627 1756 veneni
644 1705 843 1772 argumentum
865 1713 924 1775 quo
951 1695 1071 1755 similior
1090 1694 1180 1754 fuerit

8 1835 9 1840 ,
129 1797 212 1836 rnen
223 1780 373 1858 orborum,
388 1788 418 1840 ιι
435 1779 492 1839 liei.
509 1780 648 1860 aduersus
660 1778 735 1838 bueo
753 1778 875 1839 diximus
891 1779 1019 1840 remedie
1036 1779 1179 1840 dicemus·

130 1867 242 1942 seque.
272 1864 383 1923 interim
405 1871 470 1922 suut
492 1862 588 1940 ulique
606 1870 635 1921 et
656 1863 686 1922 in
705 1862 759 1922 bis.
792 1862 927 1926 cunctas
947 1862 1097 1924 stomacho
1124 1863 1178 1921 uti·
1261 1895 1262 1898 =

173 1945 209 2006 lis
223 1953 305 2022 putat
320 1944 447 2005 boletos.
476 1947 620 2006 siccentur
638 1946 799 2023 pendentes
822 1946 914 2021 suilli,
940 1948 1026 2006 iunco
1045 1945 1213 2007 trunslirriro

174 2027 276 2104 quoles
292 2044 311 2086 e
326 2027 457 2102 bithynie
471 2029 599 2088 veniunt.
629 2028 659 2089 iri
673 2029 856 2090 linctionibus
874 2029 932 2090 clvi
954 2047 1026 2109 ques
1045 2029 1179 2089 rireumo·

171 2111 272 2170 tismoe
287 2119 393 2172 vocent
406 2109 557 2172 medentur
573 2112 871 2194 excrescentibusque
887 2115 915 2172 in
936 2114 1010 2174 sede
1032 2112 1179 2188 cornibus,

172 2192 299 2252 minuunt
318 2195 393 2256 enim
414 2211 465 2254 ess
487 2203 517 2254 et
537 2203 671 2272 tempore
689 2195 858 2270 absumunt,
881 2198 949 2256 item
964 2197 1133 2276 lentigiuern
1151 2205 1182 2256 et

172 2273 320 2336 mulierum
336 2277 365 2336 in
378 2277 456 2338 lucie
475 2277 552 2337 vitis.
583 2278 713 2338 leventur
734 2281 818 2340 etium
838 2289 870 2340 ut
889 2279 1035 2358 plumbum
1056 2282 1086 2340 ιι
1109 2297 1179 2340 ocu·

172 2357 265 2417 lorum
279 2359 496 2422 medicamento.
510 2360 638 2420 sordidis
648 2362 796 2422 ulceribus
809 2371 839 2422 et
850 2361 954 2442 cepitis
965 2363 1179 2442 eruptionibus,
1190 2384 1213 2426 ιι

7 2507 8 2512 1
131 2437 171 2499 99
182 2457 282 2500 cunum
302 2442 445 2502 morsibus
459 2458 498 2502 ex
514 2459 587 2521 uque
609 2443 772 2506 inlinuntur.
801 2445 885 2506 Libet
900 2455 929 2506 et
946 2448 1092 2524 coquendi
1107 2447 1182 2508 dere

173 2521 284 2597 aliquos
300 2525 455 2584 communis
469 2526 499 2584 iu
514 2527 590 2586 oruni
602 2543 641 2586 eo
664 2545 775 2604 genere
795 2528 1034 2605 observationes,
1061 2531 1181 2609 quaudo

173 2603 254 2699 ipsae
275 2607 335 2700 suis
353 2605 484 2668 menibus
504 2607 627 2668 deliciae
642 2622 817 2690 praeparant
831 2612 907 2686 huuc
928 2613 1024 2674 cibum
1037 2614 1135 2674 solum
1152 2624 1183 2675 et

174 2691 347 2761 cogrtutrcne
366 2698 431 2750 sote
446 2700 603 2770 poscuntur
617 2695 724 2755 sucinis
740 2696 891 2756 novaculis
906 2706 956 2757 ont
970 2705 1113 2774 argenteo
1128 2699 1181 2760 ud·
1255 2729 1256 2771 r

173 2775 273 2844 paratu
289 2771 449 2834 comitante.
477 2775 556 2836 sosii
573 2787 656 2837 eruut
670 2777 751 2856 fungi
765 2781 814 2857 qui
829 2781 857 2838 ιι
873 2781 1026 2859 coquendo
1042 2781 1180 2842 duriores
1191 2801 1216 2844 eo
1254 2845 1255 2850 ,

173 2849 258 2926 lieut,
273 2851 488 2916 innocentiores
503 2859 550 2936 qui
564 2859 638 2920 nitro
651 2861 749 2921 addito
762 2871 938 2940 conuentus,
955 2864 980 2923 si
992 2864 1093 2943 utique
1110 2883 1181 2944 per·
1254 2869 1255 2915 l

174 2943 342 3030 coquuntur.
377 2940 500 3000 tutiores
520 2941 589 3000 dunt
611 2961 675 3003 cunr
694 2961 782 3006 corne
798 2947 875 3006 cocti
889 2955 938 3006 eut
957 2963 1022 3006 cum
1037 2948 1182 3026 pediculo

172 3032 236 3092 pur.
268 3029 387 3093 prosunt
401 3031 431 3082 et
446 3023 510 3100 pire
527 3024 679 3086 coulestirn
691 3036 816 3106 sumpte.
840 3029 972 3091 debellet
988 3046 1040 3093 cos
1056 3039 1086 3090 et
1101 3034 1183 3093 sceti

172 3105 273 3182 soture
288 3105 430 3164 contrario
452 3106 496 3166 ιιι.
1251 3077 1253 3204 l

131 3189 182 3242 100
255 3180 336 3277 (fid.)
349 3183 489 3250 Imbribus
500 3191 673 3268 proueniunt
682 3195 776 3254 omnin
787 3194 871 3270 boec,
883 3195 976 3258 imbro
987 3207 1019 3260 et
1028 3197 1180 3276 silphium.
1192 3220 1217 3262 ιι

131 3282 160 3327 rs,
172 3272 282 3356 pereunt
295 3268 386 3342 primo
398 3286 415 3328 e
425 3268 562 3347 Cyrenis,
578 3281 609 3334 ut
618 3274 724 3336 dicturo
737 3287 791 3336 est.
811 3297 849 3338 ex
862 3280 946 3355 Syris
955 3300 1031 3354 nunc
1040 3297 1182 3344 maxume

173 3347 487 3422 importetur‚deterius
510 3353 662 3434 Parthico,
686 3359 740 3419 scd
756 3359 869 3422 biedicc
885 3364 1006 3438 melius,
1027 3367 1182 3428 exstincto

132 3448 158 3492 rs,
171 3428 276 3488 comui
298 3427 476 3518 Cyrenaico,
491 3447 521 3498 ut
536 3439 667 3502 diximus.
696 3440 773 3536 Usus
788 3445 881 3524 ‹silpbi
894 3447 922 3506 iu
939 3447 1099 3541 medicine:
1133 3449 1181 3510 io·
