2552 3866
380 158 736 212 uunmsu.xv111.ao.
754 149 905 228 (tc-66.)
1010 133 1012 142 '
1067 152 1124 212 135

137 316 312 378 ostendentis
328 333 363 377 ac
377 317 432 393 piri
445 314 582 375 florentis.
612 316 666 374 erit
687 324 716 374 et
737 315 821 374 tertia
842 317 871 374 in
890 317 1039 379 bulborum
1062 331 1125 379 satu

135 400 253 476 scillae,
276 401 343 460 item
364 400 393 458 in
420 407 683 459 coronamentorum
705 400 841 474 narcissi,
864 417 983 478 namque
1004 401 1124 464 ethaeo

133 493 178 544 ter
193 484 298 546 dorent
310 484 461 562 primoque
473 483 545 543 llore
558 482 675 560 primam
686 483 842 545 arationem
855 484 1015 560 ostendunt,
1031 487 1124 547 medio

135 567 297 641 secundam,
311 567 396 628 tertio
412 567 611 642 novissimam,
624 565 740 643 quando.
752 567 826 625 inter
840 584 907 626 sese
922 566 977 626 alia
994 567 1056 626 aliis
1074 587 1123 628 no·
1190 607 1193 624 ι

10 663 12 678 “
111 660 177 714 stas
194 650 344 728 praebent.
373 668 407 710 ac
422 650 522 709 nonin
537 649 698 708 novissimis
715 657 834 708 cavetur
854 668 891 709 ne
911 649 985 710 labis
1005 651 1167 718 floren-245

133 734 208 794 tibus
223 735 375 811 attingatur
390 732 508 808 hedera,
523 733 551 792 id
567 734 641 792 enim
656 732 771 792 noxium
786 742 815 792 et
832 734 948 793 exitiale
961 735 987 792 ei
1002 745 1046 794 est
1057 744 1125 794 tem·

132 836 197 896 pus.
229 818 367 895 quaedam
383 832 453 875 vero
470 824 499 875 et
515 833 581 875 suas
600 815 705 875 habent
724 825 823 895 notas,
843 818 926 876 sicuti
947 817 1032 878 licus.
1063 821 1126 878 ‘cum

132 901 203 961 lolia
219 919 309 979 pauca
325 901 353 962 in
368 901 515 959 cacumine
530 899 673 960 acetabuli
689 899 774 963 modo
795 901 968 979 germinent,
989 911 1054 962 tnnc
1069 921 1125 962 ma·

111 1003 217 1044 ·xnme
233 983 370 1044 serendas
385 984 466 1043 ficus

98 1094 123 1133 ro
194 1068 277 1146 (66)
305 1068 345 1166 [1]
374 1067 595 1144 Aequinoctium
611 1085 785 1127 ·vernuma.
810 1068 838 1127 d.
856 1081 947 1128 vm
960 1069 1195 1134 kalendastlt'

131 1141 224 1230 April.
241 1153 344 1228 peragi
362 1151 482 1210 videtur.
516 1150 605 1210 abeo
623 1151 658 1210 ad
672 1151 857 1228 vergiliarum
871 1161 1001 1212 exortum
1016 1156 1125 1214 matuti-

131 1253 197 1295 num
213 1232 334 1296 Caesari
351 1234 513 1312 significant
528 1233 670 1294 kalendae
686 1233 779 1313 April.
806 1248 855 1294 111.
872 1253 961 1296 nonas
981 1235 1106 1316 Aprib'
1099 1256 1126 1296 m

131 1319 226 1380 Attica
238 1319 380 1395 vergiliae
391 1335 509 1396 vesperr
503 1316 716 1393 occultantur,
730 1317 850 1380 eaedem
862 1320 1020 1396 postridie
1011 1339 1039 1380 ιιι
1049 1319 1122 1380 Boe-

130 1403 201 1478 otia,
218 1400 337 1463 Caesari
348 1409 444 1477 autem
456 1409 485 1474 et
497 1398 651 1462 Chaldaeis
663 1402 757 1476 nonis,
773 1401 909 1480 Aegypto
922 1401 1010 1466 Orion
1022 1414 1051 1464 et
1064 1406 1125 1481 gla-

98 1486 195 1548 rsdius
213 1487 274 1545 eius
290 1486 427 1564 incipiunt
441 1484 590 1546 abscondi.
630 1482 747 1544 Caesari
764 1497 809 1544 vr.
830 1486 892 1545 idus
915 1487 1056 1562 signifieat
1077 1491 1124 1548 im-

132 1570 192 1629 bris
207 1568 299 1630 librae
314 1586 446 1633 occasus.
491 1581 581 1628 xnn.
604 1567 719 1628 kalend.
735 1565 823 1628 blaias
839 1567 976 1646 Aegypto
991 1571 1168 1638 suculaettl

134 1651 268 1711 occidunt
283 1652 410 1729 vesperi,
428 1651 505 1710 sidus
523 1651 678 1712 vebernens
692 1659 721 1710 et
738 1659 815 1710 terra
830 1653 957 1730 marique
974 1653 1124 1730 turbidum,

133 1748 203 1796 XVI.
221 1733 347 1814 Atticae,
359 1747 416 1794 xv.
439 1730 566 1808 Caesari,
580 1736 712 1794 continuo
726 1735 875 1811 quatriduo
887 1735 1057 1813 significant,
1070 1737 1124 1796 As·

134 1820 230 1894 syriae
240 1826 334 1888 autem
342 1825 401 1877 xm.
412 1815 560 1878 kalendas.
575 1817 685 1877 lnocest
696 1817 785 1894 volgo
797 1818 971 1896 appellatum
983 1816 1060 1880 sidus
1074 1819 1124 1880 Pa-

99 1902 265 1977 rorilicium,
282 1903 413 1998 quoniam
428 1914 475 1960 xv.
492 1900 607 1966 kalend.
623 1900 712 1962 Maias
728 1901 807 1961 urbis
818 1901 927 1964 Romae
940 1903 1052 1979 natalis,
1067 1921 1123 1981 quo

10 2007 20 2038 ι
41 2029 44 2040 .
131 1987 197 2046 lere
213 1985 355 2046 serenitas
371 1984 510 2060 redditur,
529 1984 686 2044 claritatem
702 1985 896 2046 observationi
910 1987 998 2062 dedit,
1015 1988 1122 2047 nimbo-

10 2113 11 2130 .
133 2085 195 2130 snm
208 2077 376 2165 argumento
392 2067 500 2141 hyadas
511 2066 720 2144 appellantibus
733 2067 851 2129 Graecis
865 2088 915 2129 eas
927 2070 1035 2147 stellas,
1049 2073 1125 2150 quod

10 2209 21 2222 ,
134 2171 242 2214 nomem
257 2153 348 2212 nostri
368 2169 385 2211 a
408 2149 617 2210 similitudine
607 2152 784 2228 cognominis
803 2151 906 2212 Gracci
921 2163 1041 2231 propter
1057 2174 1123 2215 sues

134 2238 286 2313 inpositum
304 2235 494 2309 arbitrantes,
516 2235 648 2311 inperitia
668 2233 855 2312 appellavere
882 2234 1005 2294 suculas.
1036 2235 1106 2296 Cae·
1097 2250 1166 2304 ·248

100 2337 191 2380 rasam
210 2328 326 2378 etvu11.
356 2317 495 2378 kalendas
514 2327 627 2378 notatur
647 2318 719 2378 dies.
746 2331 804 2378 vu.
828 2317 966 2378 kalendas
987 2318 1122 2396 Aegypto

71 2409 75 2418 “
134 2403 220 2464 hoedi
237 2403 413 2478 exoriuntur,
428 2415 473 2460 VI.
489 2400 628 2462 kalendas
641 2401 780 2465 Boeotiae
797 2411 832 2462 et
845 2401 958 2462 Atticae
979 2404 1056 2464 canis
1075 2421 1123 2461 ve-

136 2488 215 2564 speri
231 2486 407 2560 occnltatur,
432 2485 546 2545 fidicula
559 2503 640 2545 mane
659 2487 757 2545 oritur.
776 2499 807 2544 v.
825 2485 964 2548 kalendas
984 2487 1123 2564 Assyriae

64 2621 68 2628 .
135 2568 224 2629 Orion
239 2579 315 2629 totus
332 2568 534 2643 absconditur,
554 2581 617 2628 1111.
636 2578 729 2630 autem
745 2571 832 2628 canis.
861 2569 1016 2630 vu'nonas
1035 2569 1124 2631 Maias
1219 2561 1265 2618 ff

136 2651 256 2712 Caesari
280 2652 396 2713 suculae
415 2652 551 2710 matutino
577 2654 741 2711 exoriuntur
763 2661 792 2711 et
834 2665 907 2712 vill.
924 2654 986 2714 idus
1011 2654 1124 2732 capella

100 2736 278 2815 copluvialis,
293 2734 429 2813 Aegypto
446 2743 539 2793 autem
554 2734 655 2793 eodem
668 2734 715 2793 die
731 2737 808 2804 canis
822 2738 940 2812 vesperi
954 2738 1122 2796 occultatur.
1160 2751 1162 2755 ·

113 2891 116 2898 ι
136 2821 178 2880 sic
192 2819 255 2880 lere
270 2820 298 2881 in
314 2831 360 2877 v1.
389 2818 469 2893 idus,
494 2817 541 2895 qui
557 2825 602 2876 est
615 2817 798 2893 vergiliarum
815 2827 948 2894 exortus,
971 2818 1124 2878 decurrunt

136 2903 239 2963 sidera.
265 2902 305 2981 [t]
333 2899 365 2959 ln
377 2901 434 2960 boc
446 2901 583 2978 temporis
594 2900 743 2961 intervallo
755 2914 801 2959 xv
814 2899 914 2961 diebus
925 2901 1022 2979 primis
1035 2902 1166 2977 agri-249

136 2987 219 3046 colae
235 2985 372 3064 rapienda
386 2993 449 3042 sunt
464 2983 565 3062 quibus
582 2985 753 3061 peragendis
769 2993 834 3042 ante
847 2983 1055 3062 aequinoctium
1067 3003 1124 3045 non

137 3069 299 3145 suffecerit,
315 3070 380 3129 dum
396 3067 468 3126 sciat
479 3069 545 3128 inde
561 3075 653 3126 natam
668 3067 916 3145 exprobrationem
939 3065 1052 3126 foedam
1071 3087 1122 3146 pu·

102 3155 252 3217 astantium
267 3153 332 3212 vitis
347 3169 400 3229 per
413 3151 596 3210 imitationem
617 3159 715 3211 cantus
735 3151 809 3211 alitis
830 3151 1019 3229 temporariae
1041 3168 1123 3229 quam

137 3235 268 3296 cuculum
282 3243 395 3294 vocant.
426 3233 551 3294 dedecus
568 3233 640 3294 enirn
656 3233 777 3294 babetur
787 3234 1028 3312 opprobriumque
1039 3237 1122 3295 meri·
1187 3245 1190 3254 ’

136 3329 193 3379 tum
206 3318 311 3380 falcem
326 3316 361 3376 ab
376 3317 426 3376 illa
442 3315 561 3377 volucre
580 3319 608 3377 in
622 3318 681 3376 vite
696 3316 884 3396 deprehendi,
902 3327 931 3376 ut
947 3316 983 3377 ob
999 3318 1028 3378 id
1042 3328 1122 3397 petu-

138 3402 241 3462 lantiae
257 3401 335 3462 sales
352 3401 435 3460 etiarn
451 3418 514 3471 cnm
527 3402 618 3478 primo
633 3417 704 3460 vere
722 3401 860 3461 ludantur.
884 3402 1011 3479 auspicio
1029 3412 1124 3462 tamen
