2538 3864
302 219 386 266 nnn.
403 217 494 267 mss.
513 217 720 271 xxr.18-19.
739 207 890 286 (to-74.)
1034 181 1095 270 2¹55
1144 266 1145 272 ,

4 445 5 450 ¹
100 372 218 450 huntur,
234 371 329 432 -ibi
345 373 419 432 euim
434 374 542 432 umoris
559 372 719 450 plurumum
733 405 791 449 -,
815 380 863 431 ant
881 389 943 432 cum
959 371 1097 436 detraclis

100 455 242 533 unguibus
262 455 373 534 reliqua
398 473 465 533 pars
487 466 534 515 aut
559 456 626 515 oleo
645 465 693 514 aut
715 457 782 514 vino
807 465 967 516 maceratur
986 458 1097 519 insule

98 541 175 598 vasis
189 539 299 598 vitreis.
322 538 438 617 quidam
448 548 477 598 et
493 538 582 599 salem
597 538 771 614 admiscent,
787 539 915 598 nonnulli
930 549 959 599 et
974 541 1140 606 ancha-122

99 637 159 682 sam
173 631 221 682 aut
239 623 418 700 aspalathum
433 631 480 682 aut
495 622 788 696 iuncumodoratum,
804 624 871 700 qnia
885 624 952 682 talis
967 643 1098 685 maxume

77 705 221 783 aprodest
248 705 354 765 volvae
380 723 414 765 ac
440 705 631 782 dysintericis.
674 707 870 784 exprimuntur
899 707 1000 767 eadem
1028 708 1097 768 lolia
1151 743 1154 764 ι

98 789 235 848 detractis
258 789 399 866 unguibus
411 791 485 856 ¹trita
506 806 560 868 per
579 789 695 852 linteum
714 790 840 868 'spissum
858 791 886 848 in
902 807 1018 850 aereum
1034 810 1096 865 vas,

98 872 215 950 lenique
229 874 288 949 igni
304 891 390 932 sucus
407 873 556 952 coquitur,
577 873 672 934 donec
687 872 736 932 liat
749 873 909 933 crassitudo
927 875 1030 934 mellis.
1061 876 1097 934 ad

98 955 172 1016 haec
194 956 263 1033 eligi
287 966 404 1034 oportet
426 956 626 1016 odoratissima
641 973 774 1035 quaeque
794 956 873 1016 folia.
907 959 955 1019 19.
976 958 1078 1018 Vinum
1090 969 1142 1024 123
1181 1005 1183 1010 ,

98 1038 242 1138 quomodo
258 1040 343 1100 lieret
359 1059 375 1099 e
391 1056 458 1100 rosa
476 1041 597 1099 diximus
611 1041 686 1098 inter
697 1057 807 1117 genera
823 1041 889 1099 vini.
909 1058 977 1100 usus
993 1043 1054 1102 suci
1067 1061 1093 1104 u,
1106 1063 1142 1097 ιιι

63 1122 250 1199 madauris,
275 1124 335 1182 oris
356 1123 472 1198 ulcera,
500 1124 649 1200 gingivas,
672 1123 803 1183 tonsillas
822 1126 1011 1222 gargarizati,
1039 1135 1097 1185 sto·

97 1206 238 1282 maehum,
254 1207 368 1282 volvas,
381 1207 459 1267 sedis
471 1208 551 1282 vitia,
568 1207 670 1284 capitis
685 1205 857 1266 dolores—
868 1208 896 1266 in
908 1199 983 1268 febri
997 1227 1051 1286 per
1064 1227 1097 1268 se

96 1288 145 1348 vel
158 1307 222 1348 cum
233 1299 376 1390 acetq—,
386 1303 513 1382 somnos,
522 1291 646 1349 nausias.
660 1289 730 1349 lolia
742 1299 861 1349 uruntur
872 1291 900 1349 ln
909 1291 1097 1372 calliblepha-

97 1391 174 1448 rum,
197 1383 226 1432 ct
242 1374 329 1433 siccis
343 1371 451 1442 femina
463 1366 689 1451 adsperguntur.
711 1373 866 1451 epiphoras
885 1392 1002 1454 quoque
1018 1377 1097 1436 arida

98 1457 214 1516 leniunt.
257 1457 312 1518 llos
340 1473 469 1516 somnum
497 1454 581 1532 iacit,
613 1454 722 1516 inhibet
750 1455 903 1517 ductiones
937 1460 1095 1537 mulierum,

4 1579 5 1584 κ
62 1557 228 1602 ιιιιιιιιιιιιιιε
250 1540 347 1614 albas,
376 1543 404 1598 in
425 1557 516 1618 posca
539 1548 625 1618 potus
647 1548 676 1598 et
696 1542 848 1638 sanguinis.
867 1546 1096 1603 exscreationes

99 1621 238 1680 stomachi
257 1639 373 1701 quoque
391 1622 508 1682 dolores
532 1631 666 1718 quantum
685 1621 752 1662 **
743 1641 771 1680 ιιι
793 1624 848 1683 vini
866 1625 976 1698 cyathis
994 1627 1094 1686 tribus

99 1705 205 1764 Semeu
227 1704 271 1764 his
292 1713 437 1782 optumum
459 1705 621 1778 crocinum,
643 1721 698 1763 nec
718 1706 849 1764 anniculo
870 1710 1026 1786 vetustius,
1047 1719 1076 1768 et
1089 1720 1140 1773 124

98 1786 239 1848 inumbra
258 1787 404 1848 siccatum.
437 1789 546 1885 nigrum
561 1787 670 1847 inutile.
703 1781 829 1848 dehtium
848 1789 944 1850 dolori
959 1792 1094 1869 inlinitur,

78 1872 207 1932 urinam
224 1872 296 1945 ciet,
321 1863 493 1932 stomacho
484 1872 645 1948 unponitur,
662 1873 754 1931 item
746 1874 804 1948 igni
813 1890 905 1935 sacro
920 1892 976 1934 non
991 1879 1094 1936 veteri.

59 1955 215 2020 aonaribus
239 1954 408 2014 subductum
429 1963 515 2033 caput
534 1963 647 2033 purgat
692 1957 787 2034 capita
814 1965 882 2035 pota
909 1968 1039 2019 ventrem
1066 1969 1095 2020 et

99 2039 265 2137 sauguinem
280 2038 390 2097 sistunt.
421 2057 532 2116 ungues
549 2051 634 2097 rosae
655 2038 802 2117 epiphoris
824 2041 964 2102 salubres.
996 2044 1095 2104 ulcera

98 2123 174 2182 enim
187 2122 349 2182 oculorum
375 2138 442 2182 rosa
473 2120 662 2198 sordescunt,
695 2119 897 2200 praeterquam
922 2127 1006 2186 initiis
1032 2129 1093 2205 epi·

97 2205 224 2285 phorce,
241 2206 279 2265 ita
291 2214 321 2264 ut
335 2204 414 2266 arida
430 2223 493 2266 cum
508 2221 582 2282 pane
598 2204 757 2302 inponatur.
786 2206 856 2266 iolia
871 2208 1008 2284 quidem
1000 2214 1136 2275 untus125

98 2289 238 2351 stomachi
255 2288 420 2349 rosionibus
436 2297 466 2349 et
481 2289 556 2349 vitiis
569 2289 678 2348 ventris
698 2293 746 2348 aut
767 2291 962 2352 intestinorum
976 2293 1093 2353 utilissi-

58 2393 88 2435 ιι
97 2393 143 2433 ma
159 2382 187 2433 et
205 2371 395 2450 praecordiis,
410 2371 460 2432 vel
477 2372 563 2431 inlita.
583 2371 648 2431 cibo
667 2387 781 2450 quoqne
799 2373 905 2450 lapathi
922 2375 1008 2437 modo
1027 2393 1095 2436 con.
1161 2393 1164 2399 ⁴

100 2458 221 2516 diuntur.
255 2454 399 2516 cavendus
425 2457 453 2514 in
475 2455 519 2515 his
541 2457 611 2514 situs
634 2455 770 2516 celeriter
787 2457 923 2517 insidens.
942 2469 985 2518 'et
1007 2461 1107 2523 aridis,
1195 2478 1199 2486 ’

19 2603 25 2610 ,
100 2549 129 2599 et
150 2540 299 2617 expressis
320 2539 423 2617 aliquis
441 2555 519 2598 usus.
545 2537 725 2617 'diapasmata
746 2540 811 2600 inde
833 2541 901 2600 liunt
922 2543 957 2602 ad
973 2544 1094 2604 sudores
1155 2577 1176 2606 t·
1263 2585 1265 2622 ;

100 2623 298 2700 coercendos,
316 2625 400 2682 itaut
416 2621 564 2682 abalineis
580 2623 742 2684 inarescant
758 2628 892 2702 corpori,
909 2625 975 2685 dein
989 2627 1093 2704 frigida
1170 2691 1172 2701 ,

99 2705 260 2766 abluantur.
311 2706 452 2765 silvestris
483 2704 590 2783 pilulae
612 2704 680 2766 'cnm
702 2707 790 2785 adipe
818 2711 915 2768 ursino
946 2710 1093 2789 alopecias

59 2811 88 2852 ao
99 2790 261 2850 emendant.

19 2877 23 2894 ¹
160 2874 243 2954 (74.)
272 2872 326 2931 Lili
347 2873 459 2932 radices
480 2870 574 2931 multis
595 2871 687 2932 modis
700 2871 800 2933 horem
816 2892 895 2933 suum
913 2873 1072 2952 nobilitant,
1086 2887 1137 2942 126

100 2965 200 3016 contra
225 2957 402 3034 serpentium
424 2957 498 3015 ictus
519 2972 556 3014 ex
577 2957 642 3014 vino
665 2966 752 3033 potae
771 2966 800 3016 et
823 2967 922 3018 contra
939 2957 1095 3034 langorum

97 3036 220 3098 herena.
249 3047 371 3118 propter
388 3039 487 3106 clauos
503 3040 606 3116 pedum
624 3041 653 3098 in
668 3041 735 3104 rino
750 3040 927 3101 decocuntur
940 3041 1093 3120 triduoque

41 3175 45 3183 ,
98 3140 157 3183 non
178 3122 335 3185 solventur.
382 3141 443 3182 cum
460 3123 543 3200 adipe
564 3131 611 3182 aut
630 3122 697 3184 oleo
720 3124 859 3184 decoctae
878 3124 954 3202 pilos
978 3141 1093 3202 quoque

57 3229 87 3274 35
98 3207 209 3267 adustis
220 3206 350 3265 reddunt.
384 3205 507 3264 emulso
524 3215 609 3284 potae
625 3207 750 3267 inutilem
767 3209 932 3284 sanguinent
950 3226 1012 3268 cum
1029 3208 1094 3269 alvo

98 3289 227 3366 trahunt,
238 3289 377 3388 lienique
401 3296 429 3348 et
449 3291 541 3366 ruptis
561 3288 651 3348 volsis
671 3300 791 3373 prosunt
806 3301 834 3350 et
854 3292 998 3351 mensibus
1013 3293 1129 3352 lemi-

99 3387 212 3447 narnm,
235 3373 264 3431 in
282 3373 347 3431 vino
363 3390 434 3431 vero
449 3372 588 3432 decoctae
604 3369 802 3453 inpositaeque
820 3393 882 3434 cum
896 3376 982 3435 melle
998 3378 1094 3436 nervis

99 3458 250 3537 praecisis.
286 3456 434 3517 medentur
449 3464 548 3542 contra
568 3456 696 3518 lichenas
718 3467 747 3517 et
763 3449 878 3535 lepras,
900 3468 929 3518 et
952 3460 1136 3523 iuriuresltl
