2534 3866
158 197 208 260 -62
420 209 423 216 ·
475 209 505 258 c.
519 211 612 258 runnu
628 210 777 260 sueonos

155 321 158 330 r
629 293 644 328 0

125 375 160 430 93
170 366 227 425 seri
243 365 385 424 conducit.
415 363 481 424 olea
492 373 587 425 tamen
599 383 727 426 maxumo
739 365 903 441 intervallo,
919 365 955 425 de
970 381 1025 442 qua
1040 361 1160 440 Catonis

167 448 266 509 Italica
291 449 431 508 sententia
453 458 498 508 est
523 451 551 508 in
574 462 645 508 xxv
665 450 786 528 pedibus
806 452 969 523 minumum,
999 448 1160 526 plurumum

67 538 71 546 '
167 533 323 592 xxxseri.
354 532 406 591 sed
423 532 480 592 hoc
496 533 624 600 variatur
636 531 765 592 locorum
788 541 895 592 natura.
925 549 982 590 non
996 531 1051 591 alia
1065 534 1158 592 maior
1212 577 1217 589 ,

132 650 141 654 -
168 619 197 676 in
212 616 328 675 Baetica
344 616 439 674 arbor.
473 617 501 674 in
516 615 614 673 Africa
630 633 701 675 vero
715 651 753 660 -
766 617 838 675 fides
850 633 940 693 penes
953 624 1089 675 auctores
1103 619 1158 676 erit

92 765 98 773 ι
167 736 208 745 -
219 700 353 758 miliarias
366 700 463 759 vocari
479 699 580 757 multas
592 708 706 757 narrant
722 717 738 758 a
753 699 884 776 pondere
899 699 957 758 olei
970 698 1047 776 quod
1062 700 1179 760 seranta
1206 709 1216 717 “

167 800 260 844 annuo
281 791 431 859 proventu.
465 781 531 840 ideo
554 793 649 840 mxxv
669 781 760 858 pedes
784 779 869 858 lllago
899 782 1051 842 intervallo
1080 783 1159 843 dedit
1259 779 1260 870 ι

167 868 291 944 undique
308 875 356 924 aut
371 868 398 923 in
414 882 510 923 macro
526 865 590 923 solo
606 881 641 923 ao
653 863 724 924 duro
740 873 825 942 atque
840 875 973 940 ventoso,
991 884 1054 924 cunr
1068 869 1157 928 minu
1259 873 1260 938 ἶ

124 962 258 1026 bimum,
282 963 359 1008 ιιι
395 947 512 1006 Baetica
534 947 654 1035 quidem
673 948 831 1008 uberrimas
854 950 957 1007 messis
979 951 1054 1008 iuter
1077 952 1160 1012 oleas
1223 1001 1225 1006 .
1259 947 1260 996 ἐ

167 1036 257 1094 metit
278 1033 355 1091 illam
371 1032 548 1090 inscientiam
562 1022 724 1128 pudendam
741 1050 808 1091 esse
822 1034 975 1092 conveniet
992 1027 1165 1093 adultas
1118 1053 1159 1094 rn-

168 1118 312 1179 terlucare
334 1115 408 1173 lusto
430 1114 494 1191 plus
516 1117 587 1172 et1n
602 1125 748 1175 senectam
768 1117 960 1194 praecipitare
975 1125 1032 1192 aut,
1051 1126 1081 1177 ut
1096 1121 1158 1197 ple·
1171 1139 1196 1178 to
1259 1149 1260 1180 ;

80 1229 92 1266 ι
166 1217 285 1277 rumque
309 1199 380 1275 ipsis
406 1198 454 1277 qni
479 1215 605 1274 posuere
631 1201 854 1276 coarguentibus
881 1203 1041 1278 inperitiam
1067 1219 1159 1276 suam,
1259 1193 1260 1274 l

167 1293 242 1344 totas
263 1281 411 1340 excidere.
438 1281 507 1340 nihil
528 1290 572 1339 est
597 1283 711 1342 foedius
732 1285 868 1360 agricolis
891 1301 974 1360 quam
994 1293 1096 1360 gestae
1117 1287 1161 1345 rei
1259 1279 1260 1350 ἶ

168 1367 353 1446 poenitentia,
370 1364 476 1423 multo
468 1382 522 1422 iam
536 1373 566 1422 nt
579 1375 708 1442 praestet
723 1367 841 1426 laxitate
853 1367 1032 1444 delinquere.
1259 1375 1260 1378 ’

125 1463 159 1516 95
231 1447 403 1542 ,13.(20)
413 1447 560 1520 Quaedam
575 1458 669 1507 autem
688 1459 788 1510 natura
808 1450 889 1510 tarde
913 1460 1062 1525 crescunt
1087 1454 1160 1512 etin
1259 1421 1260 1513 l

168 1534 264 1613 primis
288 1533 397 1591 semine
401 1527 533 1590 tantum
542 1535 689 1591 nascentia
709 1543 738 1592 et
758 1533 846 1610 longo
865 1549 939 1593 aevo
962 1534 1099 1595 durantia
1131 1546 1159 1596 at
1172 1553 1194 1592 ts
1259 1517 1260 1602 l

92 1643 97 1652 ,
168 1614 674 1696 quaecitooccidnntvelociasnnt,
690 1617 816 1692 uilicus,
833 1619 946 1695 punica,
964 1635 1082 1694 prunus,
1100 1637 1158 1680 ma·
1259 1615 1260 1672 l

166 1703 222 1776 lus,
239 1701 329 1778 pirus,
345 1709 464 1774 myrtus,
481 1699 564 1774 salix,
583 1709 611 1758 ei
626 1709 719 1760 tamen
733 1701 906 1760 antecedunt
921 1701 1037 1762 divitiis.
1066 1704 1095 1761 in
1109 1706 1159 1762 tri·
1259 1679 1260 1718 ¹

166 1793 242 1844 matu
259 1786 332 1842 enim
348 1785 425 1843 ferre
443 1784 580 1860 incipiunt
595 1784 780 1844 ostendentes
798 1794 826 1844 et
840 1793 916 1844 ante
949 1803 986 1844 ex
1001 1786 1045 1845 his
1061 1764 1173 1846 lentis·

168 1870 237 1929 sima
250 1869 338 1945 pirus
364 1868 496 1925 ocissima
508 1868 629 1926 omnium
641 1867 757 1972 eppinus
769 1877 797 1928 et
809 1868 1038 1948 pseudocypirus
1051 1870 1158 1930 frutex
1259 1915 1260 1918 η

169 1952 296 2030 protinus
316 1951 389 2018 enirn
402 1948 486 2008 lloret
503 1953 660 2028 semenque
666 1953 802 2028 Qpertert
835 1953 929 2012 omnia
941 1970 1013 2013 vero
1031 1954 1160 2015 celerius
1171 1973 1198 2014 ao

167 2033 336 2095 adulescunt
359 2032 518 2092 stolonibus
543 2033 644 2126 ablatis
669 2053 811 2115 unamque
834 2037 862 2094 in
889 2037 1008 2116 stirpem
1032 2038 1161 2098 redactis

167 2117 318 2176 alimentis.
591 2151 593 2158 ‹

126 2209 160 2264 96
235 2199 318 2280 (tt.)
340 2198 449 2260 Eadem
464 2208 562 2260 natura
578 2209 607 2259 et
622 2203 798 2279 propagines
816 2202 921 2261 docuit.
949 2205 1016 2264 rubi
1036 2222 1161 2284 namque

115 2286 278 2345 curvati
293 2284 454 2360 gracilitate
475 2292 504 2342 et
525 2283 606 2342 simul
624 2287 799 2362 proceritatc
814 2287 898 2346 nimia
915 2287 1045 2364 deligunt
1058 2307 1159 2350 rursus

169 2369 196 2426 in
223 2377 328 2426 terram
364 2369 456 2444 capita
484 2367 642 2443 iterumque
674 2376 827 2426 nascuntur
851 2387 889 2428 ex
912 2388 980 2428 sese
1017 2372 1198 2450 repleturias

169 2451 278 2524 omnia,
304 2450 332 2506 ni
345 2451 461 2508 resistat
482 2449 600 2523 cultura,
616 2466 735 2526 prorsus
750 2459 779 2510 ut
794 2455 905 2530 possint
919 2452 1009 2512 videri
1025 2454 1160 2516 homines

85 2589 89 2594 ,
169 2543 265 2592 terrae
278 2549 363 2591 eausa
373 2533 471 2608 geniti
498 2534 535 2592 ita
547 2549 680 2610 pessuma
699 2543 785 2610 atque
798 2536 977 2596 exsecranda
988 2555 1037 2595 res
1049 2555 1160 2617 propa-

169 2616 263 2692 ginem
278 2623 371 2674 tamen
386 2614 483 2674 docuit
500 2633 535 2674 ac
547 2615 748 2675 viveradicem.
783 2618 883 2678 eadem
899 2628 993 2679 autem
1012 2631 1111 2681 natura
1129 2633 1160 2683 et

61 2723 78 2736 ι
169 2696 300 2757 hederis·
326 2696 396 2757 Cato
416 2699 572 2776 propagari
591 2707 707 2777 praeter
727 2703 814 2761 vitem
834 2703 1026 2780 aeditimum,
1049 2706 1158 2784 oleam,

168 2783 314 2860 punicam,
341 2781 478 2842 malcrum
500 2799 609 2858 genera
631 2784 741 2858 omnia,
763 2785 875 2860 laurus,
896 2803 1002 2867 pruna,
1024 2798 1158 2870 myrtum,
1170 2808 1201 2853 oc
1259 2811 1260 2832 ι

126 2874 158 2928 97
172 2880 261 2924 nuces
276 2864 423 2925 abellanas
440 2874 468 2924 et
482 2865 691 2942 Praenestinas,
710 2867 860 2964 platanum
891 2869 1083 2948 Propaginum
1099 2875 1158 2935 duo

168 2965 291 3046 genera:
307 2965 394 3008 ramo
398 2949 433 3008 ab
447 2949 551 3008 arbore
562 2949 725 3026 depresso
717 2968 744 3008 ιιι
756 2950 889 3011 scrobem
902 2963 1037 3031 quattuor
1051 2956 1159 3034 pedum

6 3107 7 3116 ι
169 3035 285 3130 quoquo
307 3040 336 3090 et
338 3040 421 3111 post
441 3030 583 3092 biennium
598 3041 741 3110 amputato
757 3033 833 3092 llexu
848 3036 1002 3114 plantaque
1018 3040 1158 3102 translata

6 3121 7 3190 ι
168 3125 235 3192 post
250 3115 406 3187 trimatum,
431 3132 501 3192 quas
522 3133 546 3172 s1
539 3114 677 3191 longius
689 3115 767 3174 terre
783 3115 886 3193 libeat,
908 3120 937 3176 in
941 3124 1044 3197 qualis
1063 3127 1158 3184 statim

6 3191 7 3208 ¹
169 3208 216 3257 aut
240 3199 317 3258 vasis
338 3198 470 3263 fictilibus
497 3197 637 3258 defodere
664 3201 839 3277 propagines
862 3203 1054 3303 aptissimum,
1079 3210 1137 3266 nt'
1127 3227 1200 3272 mes

126 3279 215 3344 titilus
227 3281 442 3340 transferantur
472 3280 592 3340 alterurn
607 3299 697 3358 genus
712 3283 895 3359 luxuriosum
919 3287 947 3344 in
972 3307 1035 3367 ipsa
1050 3290 1157 3350 arbore
1246 3331 1257 3348 .

169 3363 283 3423 radices
300 3364 481 3425 sollicitando
496 3364 624 3424 traiectis
636 3383 688 3442 per
701 3383 770 3424 vasa
784 3367 880 3427 lictilia
894 3370 942 3428 vel
953 3371 1054 3449 qualos
1068 3377 1157 3434 ramis

169 3455 303 3524 terraque
316 3447 519 3524 circumfertis,
535 3455 620 3526 atquc
635 3448 691 3507 hoc
705 3449 898 3528 blandimento
918 3455 1066 3532 inpetratis
1081 3457 1158 3517 radi-
