2538 3864
163 227 227 290 286
317 291 322 301 ,
403 261 411 272 »
479 237 787 286 c.ru1u1suouuu1

162 394 348 470 syntecticis,
366 391 556 467 comitialibus
571 410 634 452 cum
649 393 735 468 vino,
752 393 780 450 in
796 408 870 470 aquo
883 391 974 454 mulsa
989 390 1104 470 linguae
1122 409 1171 472 pa·

160 479 269 557 ralysi,
279 473 488 538 coxendicibus
500 486 530 538 et
542 476 701 536 lumborum
712 474 861 536 doloribus
873 473 1072 536 cumdecooto
1084 477 1172 536 mello

118 573 171 628 106
182 561 317 622 inlinitur.
350 578 407 622 nou
430 562 610 636 censuerim,
632 560 709 638 quod
723 569 858 621 aumores
878 555 1015 637 suadent,
1039 562 1172 619 cavernis
1221 597 1225 610 ,

162 647 336 708 dentiumln
351 645 455 706 dolore
476 645 593 706 inditum
614 662 681 704 cera
702 643 825 720 includi,
847 658 952 720 magno
973 647 1172 723 experimento
1259 643 1260 702 ζ

161 731 285 792 bominis
302 729 351 808 qui
365 745 400 788 se
415 745 450 788 ea
467 729 503 788 de
518 747 604 788 causa
618 729 822 808 praecipitavit
836 746 875 788 ex
889 728 958 788 alto.
969 762 974 780 r
986 730 1098 808 quippe
1112 737 1197 788 tau-t
1258 751 1260 794 t

160 833 213 877 roe
224 814 377 873 inflammat
391 813 507 872 nadbus
520 813 624 888 inlitis,
642 815 788 892 serpentis
801 811 980 872 avidissimas
995 814 1052 872 uini
1065 811 1172 872 admix-

162 909 220 960 tum
241 899 356 976 rumpit.
392 897 458 958 ideo
483 916 538 957 uec
559 897 676 974 inungui
702 898 842 958 suaserim
864 911 927 956 oum
953 895 1051 956 Attico
1075 896 1172 975 melle,

161 984 233 1045 licet
254 981 445 1061 praecipiant.
484 971 563 1054 Quas
583 981 690 1041 babeat
711 982 849 1041 utilitates
872 977 1025 1041 admixtum
1048 978 1112 1041 aliis
1131 982 1172 1056 in·

162 1083 292 1128 mensum
308 1073 354 1124 est
369 1065 499 1142 referre,
522 1074 551 1124 et
568 1082 622 1126 uos
639 1065 782 1144 simplicia
793 1074 972 1141 tractamus,
993 1064 1173 1142 quoniamiu

162 1151 208 1212 bis
219 1160 348 1210 naturam
358 1167 425 1208 csse
436 1149 567 1226 adparet,
580 1151 609 1209 in
621 1149 678 1209 illis
691 1152 886 1210 coniecturam
898 1151 1014 1228 saepius
1026 1149 1170 1224 fallacem,
1182 1159 1205 1200 tt

162 1234 233 1295 nulli
256 1231 326 1290 satis
348 1231 492 1292 custodita
516 1233 545 1290 iu
566 1234 696 1292 mixturis
718 1233 875 1294 concordia
897 1238 1015 1293 naturae
1036 1251 1072 1292 ac
1088 1249 1172 1311 repu-

8 1359 9 1362 ,
122 1316 288 1396 tinguentia.
319 1331 374 1392 qua
391 1315 427 1373 de
442 1333 475 1374 re
492 1333 561 1374 mox
578 1317 672 1394 plura.

122 1411 173 1468 107
247 1396 297 1458 24.
322 1397 407 1475 (50.)
428 1396 493 1456 Non
514 1407 594 1458 esset
615 1398 710 1456 mellis
733 1399 890 1458 auctoritas
913 1400 942 1458 br
963 1401 1058 1478 pretio
1083 1402 1174 1460 minor

164 1499 247 1563 quam
262 1479 385 1558 laseris,
407 1481 435 1538 ni
456 1479 563 1558 ubique
585 1490 768 1542 uatscerotur.¹
794 1480 864 1541 illud
884 1483 949 1562 ipsa
971 1482 1115 1544 fabricata
1137 1485 1174 1545 sii

123 1591 151 1632 n,
164 1575 307 1642 nnatura,
324 1563 375 1624 sed
389 1564 457 1624 buic
470 1565 616 1642 gignendo
626 1565 750 1640 animal,
764 1573 793 1624 ut
805 1565 942 1642 diximus,
958 1569 1126 1628 innumeros
1138 1568 1173 1628 ad
1184 1581 1206 1623 1⁵

164 1667 247 1727 usus,
268 1651 293 1708 si
316 1649 449 1727 quotiens
470 1652 624 1723 misceatur
641 1652 845 1710 aestimemus,
862 1653 955 1729 prima
975 1653 1109 1731 propolis
1135 1653 1173 1714 al·
1259 1687 1260 1728 1

123 1747 361 1807 ¹1.1ovorum,ue
377 1752 431 1813 qua
448 1733 583 1810 diximus,
600 1734 766 1794 aculeos'et
781 1735 975 1795 omnla‘inlixa
993 1737 1110 1814 corpori
1123 1754 1173 1796 ex·

165 1818 266 1893 trahit,
293 1817 396 1876 tubera
422 1816 551 1896 discutit,
579 1817 648 1877 dura
675 1819 846 1898 concoquit,
872 1817 992 1880 dolores
1017 1837 1174 1880 nervorum

124 1907 177 1960 106
186 1901 294 1960 mulcet
307 1901 464 1982 ulceraque
475 1903 530 1962 iam
542 1900 727 1979 desperantia
742 1903 770 1960 in
785 1903 949 1962 cicatricem
961 1904 1059 1964 cludit.
1076 1904 1173 1964 mellis

168 1985 282 2063 quidem
296 1984 387 2062 ipsius
400 1995 500 2046 natura
516 1985 581 2053 talis
598 1994 680 2045 estut
690 1995 861 2064 putrescere
877 2003 1004 2064 corpora
1013 2001 1069 2047 non
1087 1989 1171 2064 sinat,
1182 2007 1206 2048 ao
1259 1999 1260 2006 ’

166 2064 290 2126 iucundo
316 2085 424 2146 sapore
447 2079 533 2150 atque
553 2087 610 2129 non
632 2083 753 2148 aspero,
783 2070 840 2130 alia
861 2085 945 2148 quam
967 2072 1038 2132 salis
1061 2081 1173 2147 natura,
1259 2111 1260 2128 n

118 2191 121 2200 κ
166 2147 315 2226 faucibus,
332 2153 472 2230 tonsillis,
491 2155 613 2230 anginae
631 2152 820 2232 omnibusque
837 2157 895 2214 oris
912 2155 1064 2228 desideriis
1083 2156 1174 2216 utilis-

167 2234 284 2312 simum,
301 2237 503 2315 arescentique
519 2229 549 2295 iu
562 2235 691 2296 febribus
705 2238 820 2314 linguae
828 2283 837 2316 ,
859 2240 914 2298 ianr
929 2255 1001 2298 vero
1017 2242 1172 2318 peripneu-

167 2318 305 2392 monicis,
327 2318 488 2395 pleuriticis
510 2320 678 2397 decoctum,
697 2323 765 2380 item
789 2321 977 2400 volneribus,
995 2341 1012 2383 a
1033 2333 1172 2404 serpente
1259 2329 1260 2332 ’

167 2401 315 2480 percussis
339 2411 367 2460 et
388 2412 487 2462 conus
508 2421 621 2463 venena
641 2404 802 2480 fungorum.
836 2407 1005 2482 paralyticis
1021 2407 1049 2465 iu
1065 2407 1207 2485 maison

166 2499 337 2564 quamquam
350 2500 418 2544 suae
434 2486 527 2545 mulso
543 2487 628 2546 dotes
644 2497 783 2548 constant.
815 2489 872 2548 mel
894 2491 1009 2566 auribus
1020 2491 1175 2552 instillatur

126 2557 177 2630 10'9
189 2583 252 2624 curu
267 2582 409 2642 rosaceo,
428 2568 529 2629 lendes
546 2579 575 2628 et
595 2570 682 2631 foeda
699 2573 799 2649 capitis
823 2573 953 2634 animalia
974 2585 1070 2634 necat.
1103 2593 1173 2636 usus

94 2679 98 2687 =
164 2649 327 2724 ,despumati
340 2667 457 2729 semper
465 2653 569 2731 aptior,
583 2655 759 2715 stomachum
770 2665 865 2715 tamen
876 2655 965 2733 inflat,
978 2658 1065 2718 bilem
1073 2670 1172 2736 auget,

167 2729 310 2791 fastidium
331 2743 421 2814 creat,
446 2744 475 2795 et
500 2737 592 2796 oculis
614 2756 667 2816 per
693 2759 726 2798 se
751 2739 848 2799 inutile
864 2732 962 2820 ‘aliqui
981 2743 1170 2818 arbitrantur,

167 2833 266 2875 rursus
298 2817 411 2894 quidam
443 2821 563 2897 angulos
596 2821 781 2884 exulceratos
810 2822 898 2883 melle
931 2828 1009 2902 tangi
1037 2828 1206 2890 suadentco

167 2895 264 2958 blellis
283 2919 386 2962 causas
409 2913 494 2982 atque
512 2905 688 2967 differentias
708 2909 896 2983 nationesque
918 2918 947 2970 et
968 2910 1172 2971 iudicationem

127 2978 228 3064 {1:225ss
244 2986 338 3062 apium
353 2987 506 3048 ao'deibde
519 2987 619 3050 florum
638 2999 736 3051 natura
754 2989 885 3068 diximus,
904 3011 967 3052 cum
985 2996 1056 3053 ratio
1069 2996 1171 3072 operis

168 3064 259 3208 qlividlq
271 3079 393 3145 cogeret
405 3072 550 3132 miscenda
566 3090 665 3132 rursus
681 3083 913 3136 naturamrerum
924 3093 1104 3155 pernoscere
1118 3094 1170 3139 vo·

181 3150 238 3208 enti
260 3169 302 3209 us.
495 3173 497 3182 ’
1259 3151 1260 3168 ’

126 3241 179 3294 110
251 3235 336 3313 (51.)
358 3237 389 3298 lu
408 3239 501 3300 mellis
524 3241 662 3317 operibus
683 3250 712 3301 et
731 3259 804 3320 aqua
824 3241 915 3303 mulsa
931 3243 1019 3304 debet
1040 3248 1168 3318 tractari.
1180 3261 1208 3303 as

169 3313 226 3376 duo
244 3334 352 3392 genera
373 3322 449 3383 eius:
473 3323 584 3384 subitae
607 3343 642 3385 ac
661 3330 805 3404 recentis,
835 3327 961 3391 alterum·
977 3331 1168 3390 inveteratae.

169 3402 319 3476 repentina
345 3403 513 3484 despumato
541 3409 628 3468 melle
658 3411 837 3488 praeclaram
865 3411 1013 3474 utilitatem
1035 3412 1122 3473 babet
1141 3415 1172 3472 in

171 3479 235 3542 cibo
249 3491 454 3562 aegrotantium
466 3491 538 3567 levi,
557 3492 613 3554 boc
625 3501 671 3553 est
685 3493 775 3556 alicae
787 3497 898 3572 elotae,
914 3495 1021 3558 viribus
1032 3513 1170 3558 recreau-
