2534 3866
171 200 211 260 70
515 207 545 256 O.
561 208 657 258 PLINJ
672 207 820 257 securam
847 202 849 207 ’

116 395 121 402 =
173 364 277 441 frigida
292 363 365 423 euim
382 373 411 422 et
426 380 641 441 aquosavarno
658 363 772 421 conseri
787 369 912 438 oportet,
927 361 1006 421 sicca
1022 369 1052 420 et
1070 359 1162 421 calida

132 457 183 510 136
195 457 337 510 autumno.
372 447 411 526 [6]
436 446 599 507 Communis
616 445 734 524 quidem
756 444 855 504 ltaliae
877 445 951 503 ratio
974 453 1105 521 tempora
1126 443 1162 504 ad

173 530 248 591 hunc
268 531 382 591 modum
398 531 562 590 distribuit:·
576 545 657 588 moro
675 528 710 587 ab
726 527 820 588 idibus
837 525 1006 588 Februariis
1020 529 1048 585 iu
1065 526 1161 604 aequiss

174 615 316 690 noctium,
339 616 403 693 piro
419 623 597 686 autumnum,
613 612 652 670 ita
666 621 696 670 ut
718 612 844 673 brumam
861 611 1009 688 quindenis
1023 629 1059 674 ne
1073 610 1162 669 minus

175 696 284 758 diebus
300 698 487 771 antecedant,
509 695 590 755 malis
610 695 727 755 aestivis
748 703 777 752 et
800 695 947 770 cotoneis,
969 695 1041 754 item
1056 693 1189 768 sorbis,a
1256 753 1257 758 ,

173 783 289 858 prunis,
312 790 379 860 post
405 779 527 838 mediam
549 778 671 838 hiemem
695 777 725 838 in
748 777 812 837 idus
827 775 1017 852 Februarias,
1042 777 1169 853 siliquae,

174 863 303 925 Graecae
321 873 349 923 et
364 863 487 940 persicis
502 870 566 922 ante
582 861 710 920 brumam
726 878 781 937 per
795 870 971 936 autumnum,
989 859 1107 920 nucibus
1122 861 1161 918 iu·

173 947 270 1022 glandi
285 956 314 1006 et
328 949 436 1024 pineae
448 953 477 1003 et
498 943 650 1004 abellanae
670 953 699 1003 ct
715 942 844 1008 Graecae
866 953 952 1021 atque
978 952 1130 1003 castaneae
1147 960 1162 1002 a

129 1054 136 1064 ·
172 1029 304 1112 kalendis
321 1029 430 1090 datis
446 1026 482 1086 ad
498 1027 561 1086 idus
575 1027 702 1102 easdem,
719 1027 804 1089 salici
818 1037 846 1086 et
856 1029 990 1103 genistae
1001 1025 1162 1113 circalblur·

171 1115 226 1172 tias
241 1111 390 1172 kalendas.
422 1110 496 1172 banc
514 1111 542 1170 in
565 1113 652 1174 siccis
670 1113 798 1188 semine,
820 1111 897 1172 illam
920 1111 949 1169 in
966 1109 1067 1171 umidis
1082 1110 1198 1184 virgam

131 1218 213 1261 sanai
226 1197 284 1254 seri
298 1195 432 1256 diximus

131 1286 181 1341 rat
236 1277 284 1336 19.
304 1278 345 1356 [t]
359 1277 416 1338 Est
430 1277 579 1338 etiamnum
593 1295 668 1337 nova
681 1278 827 1337 inserendi
841 1278 925 1355 ratio,
937 1295 973 1336 ne
986 1276 1054 1354 quid
1066 1275 1161 1334 sciens

172 1359 287 1437 quidem
294 1369 477 1438 praeteream
485 1359 563 1440 quod
574 1379 693 1439 usquam
705 1362 870 1436 invenerim,
881 1358 1060 1422 Columellas
1074 1376 1161 1417 exco·
1256 1370 1257 1457 q

171 1443 270 1520 gitata,
286 1453 316 1503 ut
329 1444 457 1504 adfirmat
470 1445 555 1523 ipse,
570 1444 687 1521 quavel
704 1444 837 1503 diversae
857 1443 1101 1519 insociabilesque
1117 1459 1160 1500 ar-

171 1524 271 1600 borum
292 1523 409 1587 naturae
431 1527 617 1604 copulentur,
642 1537 672 1587 ut
687 1527 734 1585 lici
755 1535 841 1605 atque
859 1527 954 1587 oleae.
990 1527 1067 1585 iuxta
1088 1525 1197 1588 baucis

172 1611 232 1670 seri
256 1611 340 1671 licum
363 1611 441 1671 iubet
461 1628 518 1669 nou
541 1610 680 1690 ampliore
705 1609 857 1672 intervallo
880 1628 963 1688 quam
984 1618 1013 1668 ut
1036 1610 1162 1685 contingi

171 1693 254 1771 large
269 1697 362 1775 possit
382 1703 461 1754 ramo
476 1694 561 1754 oleae
577 1712 659 1771 quam
673 1710 804 1753 maxume
823 1694 943 1771 sequaci
963 1701 1048 1770 atque
1070 1691 1161 1752 oboc-

172 1774 283 1851 lituro,
311 1767 431 1856 euinque
453 1779 528 1836 omni
550 1778 661 1839 iuterim
678 1785 809 1854 tempore
830 1777 955 1839 edomari
976 1775 1161 1834 meditatione

132 1867 183 1922 138
196 1860 340 1936 curvandi.
380 1869 483 1937 postea
504 1861 559 1919 lico
583 1860 687 1938 adepta
710 1860 795 1935 viris,
822 1860 897 1936 quod
919 1861 1038 1920 evenire
1059 1859 1160 1924 trimae
1225 1929 1231 1935 .
1256 1923 1257 1940 ,

129 1942 132 1952 '
173 1952 219 2001 aut
234 1944 332 2020 utique
348 1944 529 2019 quinquenni,
546 1943 713 2002 detruncata
730 1943 883 2020 superficie
898 1943 1197 2022 ipsumque-deputo
1256 1945 1257 1972 l

22 2013 31 2036 ’
130 2043 164 2078 na
178 2032 263 2082 tatum
281 2033 319 2100 et,
335 2033 365 2082 ut
380 2024 484 2084 dictum
500 2034 553 2101 est,
569 2026 672 2086 adraso
689 2027 834 2086 cacumine
857 2025 943 2102 defigi
958 2028 986 2085 in
1002 2043 1085 2084 crure
1102 2026 1159 2102 fici,

139 2143 144 2150 -
173 2107 343 2166 custoditum
356 2107 493 2183 vinculis,
517 2127 553 2170 ne
569 2119 718 2168 curvatura
732 2109 831 2184 fugiat.
862 2109 900 2167 ita
916 2109 1038 2186 quodam
1053 2126 1159 2186 propa·

172 2189 268 2263 girum
290 2191 497 2268 insitorumque
524 2201 747 2270 temperamento
775 2192 896 2250 triennio
923 2193 1062 2257 communi
1086 2193 1160 2251 inter

136 2282 139 2295 ¹
172 2270 242 2332 duas
257 2283 362 2333 matres
384 2274 563 2333 coalescere.
586 2284 694 2351 quarte
716 2291 788 2332 amm
811 2272 954 2334 abscisum
977 2283 1067 2334 totum
1090 2275 1158 2335 ado-

172 2358 276 2432 ptantis
292 2374 370 2432 esse,
386 2357 508 2416 nondum
522 2357 638 2432 volgata
647 2357 755 2415 ratione
772 2365 819 2415 aut
833 2356 899 2416 mihi
916 2366 996 2416 certe
1006 2359 1076 2417 satis
1089 2375 1195 2424 con-25

192 2447 261 2497 erta.
369 2491 372 2498 .
405 2479 414 2498 ,η
537 2445 539 2450 ’
617 2491 618 2495 ,

27 2511 29 2522 ’
129 2455 189 2581 13ξ
241 2520 323 2599 (31.)
345 2518 452 2580 cetero
471 2521 572 2582 eadem
592 2523 640 2580 illa
657 2521 693 2580 de
709 2521 808 2582 calidis
826 2522 996 2601 frigidisque
1012 2532 1040 2582 et
1055 2523 1160 2584 umidis

130 2622 163 2658 ea
175 2610 223 2660 aut
238 2603 323 2670 siccis
341 2620 428 2680 supra
447 2605 523 2664 dicta
543 2607 615 2663 ratio
637 2613 666 2663 et
680 2604 792 2663 scrobis
808 2605 910 2667 iodere
924 2609 1099 2668 monstravit.
1130 2609 1160 2666 in

171 2685 290 2762 aquosis
312 2686 386 2744 enim
412 2705 506 2764 neque
533 2687 643 2766 amplos
668 2705 763 2767 neque
786 2689 861 2748 altos
885 2689 985 2748 iacere
1008 2690 1158 2766 expediet,

170 2767 254 2826 aliter'
269 2769 298 2857 in
311 2777 447 2828 aestuoso
465 2779 494 2828 et
509 2773 597 2849 sicco,
610 2779 735 2849 utquam
750 2789 880 2830 maxume
897 2774 1038 2850 accipiant
1051 2791 1158 2851 aquam
1168 2801 1196 2843 30

171 2853 401 2929 contineantque.
437 2852 516 2917 llaec
538 2863 566 2912 et
586 2863 702 2913 veteres
726 2854 846 2914 arbores
869 2855 982 2915 colendi
1003 2857 1077 2915 ratio
1099 2867 1156 2918 est.

169 2932 348 2993 icruentibus
362 2938 435 2995 enirn
452 2936 526 2995 locis
546 2936 723 2997 adcumulant
744 2946 854 2998 aestate
875 2938 989 2998 radices
1009 2941 1157 3015 qseriunt-

128 3024 257 3095 ltaque,
280 3035 316 3075 ne
339 3019 409 3078 solis
432 3018 516 3078 ardor
531 3029 639 3080 exurat.
673 3019 759 3078 aliubi
774 3019 945 3098 ablaqueant
958 3021 1157 3099 perflatusque

169 3099 323 3160 admittunt.
362 3101 448 3161 iidem
472 3101 564 3161 bieme
590 3102 707 3162 cumulis
729 3121 746 3162 a
767 3103 836 3178 gelu
865 3103 1016 3164 vindicant.
1053 3114 1158 3164 contra
1221 3125 1226 3135 ·

168 3181 210 3240 illi
234 3183 328 3242 hieme
353 3187 484 3262 aperiunt
510 3203 694 3264 umoremque
719 3186 877 3245 sitientibus
900 3197 1048 3263 quaerunt.
1092 3188 1196 3254 ubi-as

143 3334 145 3339 .
169 3280 290 3340 cumque
312 3267 544 3327 circumfodiendi
567 3269 687 3328 arbores
713 3270 784 3327 ratio
811 3271 838 3327 in
866 3269 983 3330 circuitu
1009 3272 1103 3350 pedes
1125 3272 1158 3330 in

169 3345 268 3405 orbem
296 3357 410 3428 ternos,
438 3369 532 3429 neque
563 3352 591 3411 id
619 3354 647 3410 in
676 3353 783 3428 pratis,
815 3351 927 3427 quando
957 3370 1053 3413 amore
1080 3355 1158 3417 solis

165 3429 330 3509 umorisque
345 3435 372 3494 in
380 3452 496 3496 usumrna
513 3434 617 3494 tellure
636 3434 779 3504 oberrant.
822 3432 858 3494 Et
871 3434 907 3494 de
923 3435 1072 3496 arboribus
1091 3439 1157 3518 qui-⁴
