2538 3864
312 251 392 298 aar.
407 249 498 298 mou.
514 229 586 296 uxr.
602 246 720 299 ao-aa.
740 237 890 316 (au-aa.)
1033 237 1093 300 261

106 414 133 466 et
153 420 301 465 verrucas.
337 403 542 464 coxendicibus
566 402 710 482 inponitur
730 421 793 462 cum
815 403 899 478 vino,
926 405 1097 468 articulariis

105 488 209 548 morbis
225 495 252 546 et
268 486 373 546 luxatis
387 487 481 546 tritum
496 503 531 546 ac
546 485 629 547 lanae
645 487 806 564 inspersum
818 504 856 547 ex
867 485 946 563 oleo,
959 488 1097 550 ambustis

105 590 165 632 cum
186 570 271 648 adipe
292 569 387 633 suillo.
419 569 485 632 dant
506 578 535 628 et
555 571 703 648 potionem
725 567 895 630 articulariis
912 571 996 630 novis
1013 574 1097 642 trium

8 703 9 706 ,
79 661 81 668 ’
105 654 253 715 obolorum
271 653 430 733 pondere
421 671 449 712 ιιι
463 653 554 714 tribus
569 655 643 713 aceti
657 662 687 713 et
700 653 809 730 mellis,
832 662 861 712 et
875 653 904 712 in
917 653 1032 715 fastidio
1048 657 1097 716 tri·

82 748 159 798 ctum
174 756 236 798 cum
251 737 323 798 sale.
1097 764 1101 778 ι

163 821 247 901 (90.)
267 819 487 882 hemerocalles
512 802 648 899 pallidum
664 837 687 918 e·
706 818 790 878 viridi
817 828 845 878 et
870 786 958 882 molle
978 820 1141 887 lolium158

104 905 199 984 habet,
213 905 311 965 radice
323 905 453 980 odorata,
468 922 543 1003 quae
554 903 678 964 bulbosa
695 920 758 962 cum
769 903 876 964 melle'
867 905 991 983 inposita
1006 909 1098 965 ventri

104 1006 190 1066 aquas
219 988 302 1066 pellit
328 998 357 1048 et
376 989 542 1065 sanguinem
567 981 653 1047 etiarn
672 987 808 1046 inutilem.
847 987 918 1046 lolia
947 987 1097 1066 epiphoris

108 1071 254 1132 oculorum
268 1089 505 1150 mammarumque
520 1079 588 1149 post
601 1079 712 1150 partum
727 1069 876 1131 doloribus
894 1069 1056 1132 inlinuntur.

72 1169 96 1210 ιι
165 1154 248 1234 (91.)
267 1153 417 1216 llelenium
441 1155 477 1214 ab
498 1153 626 1231 lleleua,
646 1163 677 1214 ut
698 1152 834 1231 diximus,
862 1162 957 1214 natum
976 1154 1141 1222 iavere159

105 1239 228 1298 creditur
247 1239 376 1314 formae,
398 1247 490 1298 cutem
514 1237 663 1298 mulierum
688 1237 717 1295 in
739 1237 814 1307 iacie
834 1237 1005 1316 reliquoque
1023 1241 1130 1300 cor-⁵⁹

102 1340 173 1400 pore
195 1323 302 1382 nutrire
315 1323 519 1399 incorruptam.
558 1329 712 1400 praeterea
732 1329 831 1399 putant
853 1339 906 1382 usu
927 1323 989 1380 eius
1012 1331 1116 1400 quam·
1166 1369 1171 1377 .
1196 1319 1221 1368 ί

103 1405 165 1465 dam
191 1407 229 1466 ita
250 1406 369 1482 gratiam
386 1406 421 1476 iis
435 1422 631 1483 veneremque
650 1403 808 1465 conciliari.
841 1403 996 1465 attribuunt
1011 1414 1040 1464 et
1056 1407 1097 1466 hi·

54 1545 58 1550 .
103 1489 224 1548 laritatis
239 1489 374 1549 ellectum
389 1488 483 1550 eidem
503 1496 590 1566 potae
611 1489 639 1546 iu
653 1489 719 1546 vino
745 1505 867 1564 eumque
885 1505 969 1566 quem
990 1487 1097 1550 habue-

69 1572 139 1636 atrii
152 1573 312 1648 nepenthes
327 1571 398 1631 illud
413 1571 608 1649 praedicatum
623 1569 658 1629 ab
673 1569 814 1646 Homero,
838 1587 894 1647 quo
909 1571 1022 1631 tristitia
1040 1589 1099 1631 om·

103 1654 147 1713 nis
172 1653 348 1714 aboleretur.
381 1662 425 1712 est
442 1661 535 1714 autem
562 1654 624 1712 suci
651 1652 824 1729 praedulcis.
856 1653 977 1730 prodest
1004 1663 1033 1713 et
1053 1674 1097 1716 or·

103 1736 266 1816 thopnoicis
281 1736 364 1796 radix
382 1735 445 1794 eius
470 1737 499 1794 in
516 1754 590 1815 aqua
617 1736 718 1795 ieiunis
734 1744 811 1815 pota.
845 1744 890 1795 est
915 1744 1010 1796 autem
1032 1755 1098 1798 can-

104 1821 169 1881 dida
195 1821 270 1880 intus
285 1829 315 1879 et
332 1818 434 1880 dulcis.
464 1818 570 1879 bibitur
591 1827 620 1878 et
642 1827 741 1879 contra
763 1819 937 1898 serpentium
962 1821 1036 1880 ictus
1060 1840 1098 1886 ex

103 1907 180 1964 vino.
215 1905 302 1964 muris
318 1921 434 1983 quoque
451 1904 571 1963 coutrita
585 1901 687 1962 dicitur
700 1920 817 1963 necare.
899 1931 901 1946 ι
1201 1891 1208 1910 “

69 2008 97 2049 ao
143 2024 151 2043 ·
170 1987 253 2067 (92.)
276 1986 472 2052 llabrotonum
487 1985 606 2046 duorum
620 1985 739 2046 traditur
753 2003 901 2062 generum,
922 1997 1084 2066 campestre
1091 1998 1143 2054 160

105 2090 141 2132 ac
159 2080 329 2132 montanum.
348 2069 418 2129 -hoc
442 2071 592 2145 feminam,
614 2069 684 2130 illud
709 2087 815 2130 marem
839 2069 969 2147 intellegi
989 2072 1097 2134 volunt.

106 2154 262 2216 amaritudo
279 2153 402 2214 absinthi
416 2155 444 2213 in
464 2162 597 2231 utroque.
632 2152 758 2212 Siculum
774 2152 1013 2228 laudatissimum,
1034 2155 1100 2216 dein

106 2237 273 2314 Galaticum.
308 2255 377 2297 usus
398 2237 539 2312 attollis,
562 2236 613 2315 ped
631 2237 720 2296 maior
741 2237 842 2296 semini
855 2237 891 2296 ad
906 2235 1098 2298 excalfacien-

105 2324 188 2399 dum‚
209 2322 276 2382 ideo
299 2321 397 2402 neruis
416 2320 503 2400 utile,
525 2320 614 2395 tussi,
636 2319 853 2398 orthopnoeae,
874 2319 1032 2395 convolsis,
1054 2339 1099 2380 ru·

66 2409 183 2484 septis,
205 2405 322 2485 lumbis,
342 2406 440 2468 urinae
461 2403 608 2502 angustiis
631 2403 713 2464 datur
728 2402 881 2463 bibendum
904 2403 1082 2464 manualibus
1092 2413 1143 2468 161

106 2489 256 2550 iascicubs
270 2488 401 2551 decoctis
417 2487 453 2549 ad
467 2487 566 2547 tertias
581 2489 680 2565 partis
715 2503 752 2546 ex
768 2486 812 2548 bis
828 2488 973 2564 quaternis
990 2488 1101 2563 cyathis
1221 2483 1228 2490 ”

107 2571 224 2632 bibitur.
261 2572 343 2632 datur
362 2581 391 2631 et
411 2589 511 2631 semen
530 2579 642 2630 tunsum
661 2571 689 2629 in
704 2587 778 2648 aqua
792 2570 945 2632 drachmae
960 2572 1100 2648 pondere.

108 2655 230 2734 prodest
245 2664 274 2714 et
292 2655 405 2714 volvae.
435 2654 590 2732 concoquit
605 2670 696 2730 panos
711 2671 773 2713 cum
788 2653 878 2714 farina
894 2653 1058 2715 hordeacea
1073 2664 1102 2715 et

109 2739 259 2800 oculorum
273 2736 537 2798 inflammationibus
552 2735 677 2796 inlinitur
691 2745 814 2795 cotoneo
829 2736 904 2796 malo
918 2745 1012 2798 cocto.
1039 2755 1104 2815 ser-¹

67 2823 206 2902 sopentis
227 2822 316 2899 lugat.
355 2831 454 2882 contra
474 2821 548 2880 ictus
575 2837 671 2880 earum
691 2817 795 2878 bibitur
819 2835 882 2879 cum
905 2820 971 2878 vino
993 2820 1145 2885 inlini-162

107 2917 230 2985 torque,
254 2905 484 2965 efficacissimum
506 2911 613 2963 contra·
626 2920 661 2963 ea
684 2918 802 2980 quorum
822 2919 935 2962 veneno
961 2911 1103 2962 tremores

109 2999 140 3050 ct
156 2989 249 3066 frigus
260 2988 412 3062 accidunt,
434 2997 465 3047 ut
479 2987 662 3065 scorpionum
684 2995 714 3046 et
733 2985 965 3064 phalangiorum,
988 2994 1018 3044 et
1035 3003 1102 3046 con·

108 3081 154 3132 tra
168 3089 282 3132 venena
297 3071 352 3132 alia
368 3079 436 3149 pota
458 3071 579 3148 prodest
594 3078 622 3129 et
648 3085 764 3148 quoquo
788 3069 873 3128 modo
892 3067 1054 3145 algentibus
1075 3078 1104 3128 et

109 3157 148 3216 ad
164 3154 340 3216 extrahenda
357 3172 391 3215 ea
407 3154 667 3232 quaeinhaereant
689 3151 869 3230 corporibus.
901 3151 983 3229 pellit
1010 3161 1039 3212 et
1062 3153 1102 3211 in·

69 3249 295 3303 asterausorum
320 3239 402 3298 mala.
440 3252 517 3296 ramo
540 3238 621 3312 eius,
643 3237 667 3296 si
688 3234 843 3296 subiciatur
858 3235 993 3314 pulvino,
1016 3253 1110 3297 vene-v

110 3342 174 3384 rem
200 3322 337 3384 stimulari
362 3322 453 3396 aiunt,
476 3319 760 3418 efficacissimamque
779 3336 846 3379 esse
861 3318 979 3379 herbam
1005 3328 1104 3380 contra

112 3408 207 3466 omnia
225 3404 365 3466 veneficia
380 3403 482 3483 quibus
498 3403 589 3462 coitus
604 3403 773 3463 inhibeatur.

177 3489 226 3548 22.
255 3487 338 3568 (93.)
365 3487 603 3548 Leucanthemum
627 3487 793 3565 suspiriosis
818 3486 948 3548 medetur
975 3484 1083 3547 duabus
1096 3492 1147 3556 163
