2538 3864
175 199 236 260 240
521 210 551 260 o.
567 211 665 260 emur
681 207 831 260 sacuam

175 366 320 428 Pannonia
344 365 418 428 hanc
444 366 536 443 giguit
556 375 586 426 et
612 365 711 428 Norici
729 365 902 446 Alpiumque
915 367 1042 445 aprica,
1068 365 1175 432 urbium

132 451 342 531 44Eporedia,
370 457 466 510 tantae
487 451 635 510 suavitatis
656 459 686 510 ut
707 451 852 532 metallum
865 461 940 517 esse
958 451 1099 530 coeperit,
1128 470 1175 512 ve·
1252 499 1253 510 ,

176 535 267 596 stibus
285 535 430 611 interponi
451 551 515 594 eam
531 535 743 611 gratissimum,
766 533 850 617 (21.)
868 536 942 596 sicut
959 535 1033 613 apud
1051 533 1175 600 Graecos

176 621 285 700 polium
300 617 437 694 herbam,
462 617 598 677 inclutam
612 616 722 678 Musaei
740 627 770 678 et
784 619 904 682 Hesiodi
921 618 1053 680 laudibus
1069 619 1104 680 ad
1120 637 1175 679 om·

105 727 108 736 ¹
176 706 222 764 nia
245 703 344 763 utilem
365 703 591 780 praedicantium
608 715 766 780 superque
792 713 890 782 cetera
914 704 951 764 ad
971 703 1076 780 lamam
1094 704 1197 780 Ιιιιῐιιιιιι

70 775 74 786 '
176 807 211 846 ac
228 787 398 864 dignitates,
425 789 604 864 prorsusque
619 787 733 862 miram,
760 788 902 862 simodo,
930 797 961 846 ut
976 787 1105 862 tradunt,
1135 787 1176 847 lo·

176 873 215 932 lia
233 873 295 931 eius
320 887 403 929 mane
428 869 565 946 candida,
595 870 715 929 meridie
742 887 904 950 purpurea,
936 871 1001 932 sole
1029 871 1178 933 occidente

177 955 314 1014 caerulea
335 954 539 1033 adspiciuntur.
574 953 634 1014 dno
649 972 760 1030 genera
785 956 860 1015 eius:
893 965 1057 1034 campestre
1079 953 1178 1031 maius,

177 1039 313 1098 silvestre
341 1037 534 1114 quodminus
560 1047 614 1098 est.
652 1038 766 1116 quidam
790 1039 935 1116 tepthrion
959 1045 1075 1102 vocant.
1095 1040 1180 1100 'lolia

177 1123 255 1182 oanis
277 1121 398 1180 hominis
424 1113 543 1198 similia,
568 1139 587 1182 a
607 1121 706 1182 radice
732 1125 878 1202 protinus,
908 1142 1060 1204 numquam
1084 1123 1179 1202 palmo
1190 1139 1210 1180 m

177 1206 287 1267 altiora.
578 1218 580 1250 ῑ

70 1309 80 1323 ⁵
134 1299 167 1354 45
204 1319 209 1328 =
244 1287 273 1347 8.
299 1283 382 1364 (22.)
405 1285 443 1344 Et
461 1287 496 1346 de
513 1289 642 1348 odoratis
658 1288 782 1348 -lloribus
797 1291 866 1348 satis
883 1290 1005 1364 dictum,
1035 1290 1182 1368 inquibus

176 1377 322 1446 unguento
345 1369 452 1428 vicisse
478 1379 606 1428 naturam
629 1370 759 1446 gaudens
784 1371 896 1430 luxuria
914 1373 1044 1432 vestibus
1063 1391 1183 1452 quoque

176 1453 349 1533 provocavit
375 1469 427 1512 eos
454 1450 543 1512 dores
572 1453 619 1531 qui
646 1453 756 1513 colore
774 1456 1018 1530 commendantur.
1043 1457 1101 1532 hos
1123 1461 1183 1517 ani·

175 1537 325 1597 madverte
340 1537 390 1596 tris
410 1553 476 1595 esse
492 1536 674 1615 principalis,
694 1546 725 1596 ut
747 1533 898 1621 rubentem
914 1540 942 1597 in
963 1557 1073 1616 cocco,
1095 1543 1148 1618 qui
1165 1560 1213 1602 arr

91 1673 94 1676 ,
162 1617 253 1683 'rosis
268 1621 409 1698 migrante
424 1621 516 1698 gratia
539 1618 666 1680 nonnihil
687 1618 807 1680 trahitur
819 1632 956 1701 suspectu
975 1633 1006 1696 et
1026 1627 1055 1683 in
1075 1641 1183 1702 purpu-

177 1723 225 1766 ras
237 1706 339 1780 Tyrias
366 1704 565 1783 dibaphasque
592 1722 626 1763 ao
652 1703 827 1782 laconicus,
856 1707 1074 1782 amethystinum
1096 1710 1145 1784 qui
1167 1727 1184 1768 a

146 1790 256 1850 arviola'
272 1797 301 1848 et
316 1790 380 1867 ipse
395 1791 424 1848 in
440 1804 615 1868 purpureum
629 1802 772 1867 quemque
788 1791 943 1850 ianthinum
961 1792 1183 1873 appellavimus.

179 1891 288 1950 genera
316 1873 391 1931 enim
415 1881 571 1932 tractamus
599 1874 626 1931 in
652 1875 768 1951 species
789 1873 892 1934 multas
911 1893 980 1934 sese
1003 1878 1183 1953 spargentia.

135 1957 284 2018 lotertius
306 1965 350 2013 est
374 1957 421 2033 qui
440 1958 559 2034 proprie
582 1956 716 2032 conchyli
734 1957 928 2035 intellegitur,
953 1960 1049 2021 multis
1070 1959 1218 2020 modium

177 2055 249 2098 unus
264 2039 291 2096 ia
308 2038 483 2117 heliotropio
501 2049 530 2100 et
552 2041 581 2100 iu
601 2041 698 2118 aliquo
714 2041 811 2101 arrhis
826 2042 996 2122 plerumque
1015 2038 1184 2120 saturatior,

174 2121 250 2197 alius
266 2123 295 2180 in
316 2123 410 2182 malva
424 2123 460 2182 ad
476 2142 631 2202 purpuram
651 2125 806 2202 inclinans,
825 2126 898 2192 alius
912 2129 940 2192 in
960 2127 1038 2188 viola
1052 2129 1185 2188 'serotina

177 2205 394 2280 conchyliorum
416 2209 629 2285 vegetissimus.
668 2210 746 2288 paria
766 2225 841 2269 nunc
863 2213 1064 2289 conponuntur
1080 2221 1110 2272 et
1122 2229 1184 2272 ana·

177 2297 241 2361 tura
257 2298 343 2369 atque
358 2292 469 2366 luxuria
485 2292 670 2369 depugnant,
692 2292 761 2351 lutei
775 2294 1018 2362 videohonorcm
1041 2297 1185 2373 antiquis-

145 2384 155 2391 *
179 2374 294 2448 simum,
322 2376 351 2432 in
366 2373 539 2452 nuptialibus
556 2373 796 2436 flammeis'totum
811 2374 924 2438 leminis
938 2396 1128 2458 concessum,
1149 2389 1218 2440 ¹etro

153 2493 156 2498 -
177 2457 311 2516 fortassis
326 2457 393 2517 ideo
405 2474 463 2516 non
476 2460 620 2518 numerari
634 2459 708 2516 inter
723 2461 907 2539 principalis,
926 2463 982 2524 hoc
998 2473 1043 2522 est
1054 2481 1187 2524 commu·

177 2542 221 2599 nis
236 2539 362 2599 maribus
378 2558 414 2598 ac
429 2540 557 2616 lerninis,
582 2543 714 2618 quoniam
728 2546 858 2604 societas
872 2547 1061 2626 principatum
1077 2548 1174 2608 dedit.

135 2630 169 2685 47
243 2620 326 2700 (23.)
350 2622 504 2684 Amaranto
529 2641 586 2684 non
611 2625 697 2684 dubie
712 2627 870 2689 evincimur.
911 2639 955 2690 cst
981 2641 1073 2691 autem
1099 2634 1189 2709 spica

177 2722 321 2784 purpureo
338 2708 435 2770 uerius
457 2726 540 2788 quam
556 2708 610 2768 dos
632 2709 751 2787 aliquis,
778 2719 809 2771 et
828 2713 891 2790 ipse
910 2715 972 2774 sine
993 2714 1095 2774 odore.
1128 2719 1188 2777 mi·

77 2854 78 2864 ἵ
176 2808 238 2849 rum
252 2789 281 2848 iu
303 2807 339 2850 eo
357 2791 486 2868 gaudere
502 2792 620 2871 decerpi
642 2802 672 2852 et
692 2793 795 2856 laetius
810 2799 935 2857 renasci.
969 2801 1104 2876 provenit
1118 2798 1186 2860 Au·
1198 2815 1221 2857 ao

177 2881 262 2950 gusto
283 2891 398 2950 mense,
426 2877 508 2936 durat
528 2878 556 2936 in
577 2886 745 2938 autumnum.
780 2876 977 2942 Alexandrino
1000 2882 1111 2964 palma,
1131 2887 1190 2962 qui

179 2957 333 3037 decerptus
351 2959 538 3037 adservatur,
575 2962 721 3040 mireque,
750 2951 903 3041 postqu'am
926 2965 1063 3026 deiecere
1085 2971 1189 3028 cuncti

177 3039 283 3119 dores,
309 3042 487 3102 madefactus
504 3061 577 3122 aqua
592 3046 749 3105 revivescit
763 3044 793 3105 et
806 3046 945 3109 hibernas
960 3058 1090 3127 coronas
1098 3051 1187 3113 iacit.

179 3141 285 3184 summa
306 3135 406 3186 natura
429 3128 490 3186 eius
515 3130 543 3186 in
566 3129 680 3188 nomine
702 3138 747 3188 ert
769 3132 943 3212 appellatio,
966 3136 1097 3214 quoniam
1119 3153 1188 3195 uon

177 3219 347 3269 marcescat.
721 3239 739 3250 .,
773 3239 776 3246 v
1134 3235 1137 3246 ·
1198 3240 1223 3281 ιι

135 3297 171 3352 to
244 3289 328 3369 (24.)
351 3293 383 3352 ln
397 3295 511 3354 nomine
527 3303 556 3354 et
571 3297 653 3370 cyani
669 3296 761 3376 colos,
782 3298 849 3357 item
865 3293 1042 3378 holochrysi.
1073 3320 1186 3364 omnes

178 3381 272 3432 autem
296 3374 324 3436 hi
349 3376 437 3437 liores
462 3395 520 3439 non
543 3378 632 3438 fuere
648 3380 675 3438 in
699 3397 751 3440 usu
770 3381 1045 3465 Alexandrilllagni
1066 3397 1187 3468 aetate,

179 3457 311 3534 quoniam
323 3464 459 3538 proxumi
473 3481 489 3523 a
503 3472 595 3524 morte
611 3465 671 3524 eins
687 3474 821 3528 auctores
839 3467 945 3532 siluere
963 3470 999 3531 de
1017 3472 1090 3550 illis,
1115 3491 1187 3553 quo
