2534 3866
286 195 364 264 usu.
383 207 473 265 ursi.
492 203 883 285 uv11.ao—al.(34-35.)
946 167 972 228 Ὗ
1039 205 1079 267 73
1137 229 1141 238 ’

87 381 175 450 atque
192 371 230 431 ita
242 370 393 448 per'vicls.
418 371 474 432 hoe
487 380 611 432 vocatur
625 373 654 430 in
664 373 725 431 vite
739 387 862 447 gemma,
876 389 939 432 cum
957 372 996 432 lbi
1012 390 1079 432 cae·

86 458 192 534 spitem
209 454 289 515 iacit.
320 463 386 515 ante
408 473 479 526 vero
500 473 585 535 quam
605 456 708 530 laniat,
731 455 759 512 in
777 471 907 514 concavo
925 445 1026 516 oculus
1048 465 1078 516 et

84 542 112 599 in
125 540 274 598 cacumine
284 539 354 616 ipso
371 557 499 616 germen.
527 541 569 599 sic
581 539 723 617 palmites,
737 546 876 615 nepotes,
891 556 980 615 uvae,
997 539 1078 616 lolia,

17 617 19 676 l
85 625 212 702 pampini
226 623 388 698 gignuntur,
406 624 564 702 mirumque
579 623 703 682 firmiora
720 638 788 680 esse
801 623 830 680 in
852 621 972 680 dextera
997 632 1079 700 parte

63 707 192 784 egenita.
231 707 272 784 [ι]
291 704 351 764 llos
366 723 439 783 ergo
456 707 485 765 in
501 705 624 766 surculis
639 705 744 778 nodos,
760 722 824 763 cum
841 714 985 780 seruntur,
1000 722 1058 764 me·
1071 718 1123 772 154

85 793 148 851 dios
167 807 271 848 secare
293 799 409 868 oportet
430 791 469 850 lta
485 809 522 849 ne
536 788 660 868 profluat
674 787 809 848 medulla.
841 789 919 847 etin
942 789 998 848 lico
1019 791 1079 866 qui·

85 876 149 934 dem
162 872 348 932 dodrantales
362 873 462 952 paxilli
475 874 539 933 solo
551 874 699 950 patefacto
713 879 847 931 seruntur
859 872 902 930 sic
914 880 945 931 ιιι
958 872 1080 932 descen-

85 959 152 1018 dant
174 974 249 1036 quae
270 974 410 1037 proxuma
431 957 528 1018 arbori
551 958 674 1030 luerint,
696 955 751 1015 duo
773 955 852 1014 oculi
870 964 951 1015 extra
974 964 1081 1015 terram

87 1043 238 1101 emineant.
267 1041 344 1100 oculi
356 1043 489 1101 autemin
501 1039 635 1101 arborum
653 1039 774 1099 surculis
792 1040 911 1117 proprie
929 1049 1080 1122 vocantur,

58 1125 160 1184 lonnde
178 1126 348 1200 germinant.
370 1123 431 1184 Hac
446 1116 585 1184 decanea
602 1124 669 1182 etin
685 1123 832 1200 plantariis
846 1122 998 1200 alludendo
1011 1133 1122 1188 eo·155

87 1209 151 1268 dem
171 1225 245 1266 anno
266 1209 361 1267 lerunt
381 1224 455 1285 quos
473 1207 556 1267 luere
578 1208 669 1267 laturi
685 1207 794 1265 fructus
817 1207 846 1265 iu
870 1205 997 1283 arbore,
1017 1226 1081 1268 cum

86 1292 258 1369 tempestive
270 1293 324 1350 sati
336 1302 511 1370 praegnates
523 1291 673 1350 inchoatos
686 1298 845 1368 conceptus
858 1287 946 1349 aliubi
956 1293 1079 1368 pariunt.

86 1377 123 1436 ita
139 1385 218 1434 satas
240 1375 312 1434 lioos
333 1377 420 1435 tertio
442 1393 515 1436 anno
537 1375 696 1434 transferre
715 1373 813 1434 facile.
845 1373 902 1432 lroo
917 1390 971 1453 pro
994 1394 1079 1436 sene·

87 1458 187 1518 scendi
198 1458 348 1517 celeritate
356 1455 518 1518 attributum
529 1458 595 1517 buio
607 1458 714 1532 arbori,
724 1466 754 1516 ut
766 1458 903 1516 citissime
915 1461 1078 1535 proveniat.

57 1565 78 1605 n
87 1543 127 1621 [31
145 1541 252 1600 Vitium
264 1544 445 1603 numerosior
457 1551 597 1602 natusest.
614 1544 734 1619 primum
744 1542 866 1600 omnium
874 1541 943 1601 nihil
953 1545 1059 1603 seritur
1071 1549 1122 1607 156

87 1645 125 1685 ex
139 1625 184 1684 lris
203 1627 257 1690 nisi
270 1625 368 1684 inutile
381 1634 410 1685 et
421 1625 587 1704 deputatum
599 1627 628 1683 in
639 1634 791 1684 sarmenta.
819 1633 973 1701 opputatur
986 1637 1080 1686 autem

87 1709 223 1786 quidquid
236 1724 376 1786 proxumo
388 1709 452 1768 tulit
463 1710 595 1768 fructum.
619 1706 736 1766 solebat
749 1707 920 1785 capitulatus
937 1711 1079 1788 utrimque

88 1791 190 1851 odoro
212 1791 345 1851 surculus
374 1793 447 1866 seri,
474 1809 569 1870 eoque
594 1799 762 1868 argumento
783 1790 937 1850 malleolus
959 1800 1080 1852 vocatur

87 1877 256 1935 etiamnnno.
287 1883 390 1954 postea
410 1874 577 1935 avellinum
597 1893 648 1935 sua
672 1874 755 1934 calce
776 1883 899 1952 coeptus
916 1883 976 1951 est,
1000 1884 1032 1935 ut
1051 1877 1079 1934 in

17 1981 18 2016 ι
56 1977 79 2017 ιι
88 1959 154 2034 lico,
169 1975 265 2036 neque
280 1967 325 2017 est
338 1957 414 2018 aliud
429 1959 566 2017 vivacius.
594 1959 707 2018 tertium
719 1976 811 2034 genus
823 1958 965 2020 adiectum
981 1961 1078 2020 etiam·

17 2017 19 2112 l
87 2060 151 2101 num
164 2041 328 2120 expeditius
339 2043 400 2100 sine
414 2041 506 2114 calce,
520 2041 597 2119 quod
610 2042 731 2118 sagittae
742 2051 891 2117 vocantur,
907 2059 970 2104 cum
982 2045 1078 2104 intorti

87 2134 256 2204 papguntnr.
286 2123 371 2182 iidem
389 2141 452 2187 cum
471 2125 557 2182 recisi
571 2141 626 2183 nec
643 2123 751 2197 intorti,
771 2126 946 2199 trigemmes.
979 2127 1077 2204 plures

87 2218 235 2268 autemex
250 2207 353 2266 eodem
374 2207 489 2266 surculo
512 2206 569 2265 boo
583 2207 668 2266 modo
685 2206 762 2265 llunt.
793 2207 901 2267 Serere
917 2225 933 2266 e
949 2213 1119 2286 pamm-157

87 2295 172 2352 uariis
185 2293 289 2351 sterile
305 2299 359 2364 est,
374 2309 429 2349 nec
445 2291 498 2348 nisi
514 2290 638 2350 fecundo
652 2298 778 2368 oportet.
805 2306 878 2368 quae
893 2306 976 2348 raros
991 2291 1079 2352 babet

56 2397 79 2436 rs
86 2378 178 2436 nodos
192 2374 346 2434 infecunda
359 2373 515 2448 iudicatur,
531 2374 657 2434 densitas
676 2389 849 2450 gemmarum
867 2369 1021 2444 fertilitatis
1037 2375 1078 2433 iu-

87 2461 191 2520 dicium
208 2467 261 2516 est.
284 2457 400 2535 ¹quidam
416 2458 474 2516 seri
488 2465 584 2522 vetant
605 2459 660 2516 nisi
676 2474 728 2516 eos
744 2457 792 2534 qui
808 2455 959 2517 floruerint
979 2475 1078 2516 surcu-

85 2543 140 2602 los.
180 2542 300 2617 sagittas
321 2557 421 2605 serere
444 2541 535 2600 minus
550 2541 634 2614 utile,
672 2543 804 2618 quoniam
824 2541 853 2598 in
876 2540 1077 2601 transferendo

17 2681 18 2688 ,
85 2626 174 2686 facile
201 2624 340 2701 rumpitur
363 2625 439 2702 quod
471 2625 603 2683 intortum
628 2623 689 2682 luit.
733 2623 872 2683 Seruntur
897 2624 993 2702 pedali
1021 2641 1079 2684 non

85 2709 240 2790 breviores
258 2706 451 2783 longitudine,
477 2708 601 2784 quinque
626 2723 717 2765 sexve
738 2707 887 2766 nodorum.
923 2709 1077 2785 pauciores

54 2807 77 2848 eo
87 2792 179 2852 tribus
196 2791 316 2866 gemmis
332 2791 361 2848 in
372 2791 427 2850 lrac
443 2805 574 2847 mensura
587 2805 722 2848 essenon
735 2797 878 2866 poterunt.
900 2789 993 2850 Inseri
1006 2807 1055 2852 eo·
1068 2801 1120 2855 158

87 2876 152 2934 dem
165 2874 212 2934 die
225 2890 282 2950 quo
294 2871 465 2951 deputentur
483 2870 669 2931 utilissimum.
699 2872 723 2930 si
737 2872 825 2931 multo
837 2882 940 2950 postea
952 2891 1076 2932 necesse

86 2961 124 3017 sit
134 2975 236 3017 serere
248 2955 425 3032 custoditos,
438 2965 469 3015 ut
482 2955 698 3034 praecepimus,
718 2956 814 3016 caveri
826 2956 923 3032 utique
939 2973 975 3015 ne
991 2964 1073 3027 extra
1086 2969 1120 3007 ιιι

86 3049 193 3100 terram
213 3039 299 3116 positi
320 3038 384 3098 sole
403 3041 579 3113 inarescant,
603 3047 689 3097 vento
705 3047 753 3098 aut
768 3037 878 3115 frigore
892 3037 1074 3098 hebetentur.

87 3125 136 3204 qni
154 3123 258 3182 diutius
273 3123 302 3180 in
318 3124 398 3182 sicco
420 3122 525 3181 luerint
546 3122 710 3200 priusquam
728 3123 898 3180 seranturin
919 3139 994 3200 aqna
1013 3121 1075 3199 plu·
1097 3185 1099 3188 ,
1186 3153 1196 3166 2

55 3225 78 3267 eu
87 3207 167 3267 ribus
180 3205 282 3266 diebus
292 3207 479 3265 revirescant.
506 3206 546 3284 [4]
559 3203 658 3263 Solum
670 3206 797 3282 apricum
810 3213 838 3263 et
851 3223 934 3282 quam
945 3207 1120 3284 amplis-159

88 3283 190 3366 simum
213 3291 242 3348 in
270 3290 422 3348 seminario
448 3289 509 3347 s'we
533 3290 561 3347 in
583 3289 671 3346 vinea
692 3283 808 3349 bidente
830 3287 966 3365 pastinari
991 3290 1078 3350 debet
1141 3307 1144 3320 s

86 3363 187 3434 ternos
203 3371 296 3451 pedes
309 3371 415 3448 bipalio
434 3371 503 3445 alto,
521 3388 614 3432 marra
634 3371 705 3430 reici
721 3379 887 3449 quaternum
902 3373 1006 3450 pedum
1018 3374 1075 3433 ler-

86 3453 196 3533 mento,
216 3457 255 3515 ita
271 3461 302 3514 ot
319 3455 348 3513 in
364 3455 456 3533 pedes
472 3453 555 3514 binos
572 3456 652 3514 fossa
668 3455 817 3532 procedat,
834 3453 944 3514 fossum
961 3457 1077 3534 purgari
1182 3532 1185 3538 ‚
