2538 3864
321 195 403 243 unu.
420 194 510 244 mss.
527 196 612 246 xxss.
627 177 747 250 ti-tu.
763 183 916 262 (to—33.)
1044 181 1106 246 279

104 349 186 414 adnm
198 344 476 420 inflammationibus.
493 346 607 408 decocti
619 349 647 408 iu
659 350 744 426 lacae
756 349 814 410 uini
825 349 975 410 oculorum
988 351 1149 432 epipho-tt

19 435 21 444 “
102 434 146 492 ris
160 432 314 510 supposito
336 429 457 491 linteolo
479 429 639 490 medentur.
672 432 735 493 iere
757 434 786 492 in
804 449 985 512 quocumque
1004 434 1117 506 morbo*

102 517 193 592 magis
209 515 340 577 decoctis
355 522 487 590 utuntur,
503 515 573 574 item
588 511 624 573 ad
639 514 769 576 tibiarum
785 524 877 578 taetra
892 516 993 577 ulcere
1008 519 1108 578 rimas·

104 617 160 678 que
184 615 340 678 corporum
359 599 582 677 quacumquein
603 605 686 676 parte
706 599 797 660 iarina
818 601 1022 661 arefactorum.
1059 619 1107 661 au·

83 693 200 754 ommno
212 693 307 746 nutem
319 683 507 760 collicuntur,
520 701 583 742 cum
596 681 757 759 plurumum
766 683 871 744 valent.
894 703 981 746 sucus
994 703 1109 764 quoque

104 787 142 838 ex
156 769 246 830 tunsis
262 785 421 846 expressus
436 775 484 828 aut
497 766 630 826 decoctis
643 765 720 826 utilis
736 765 767 825 lit
782 769 915 844 corporis
931 769 1027 830 dolori
1046 786 1110 828 curn

103 852 204 928 melle,
222 853 298 912 mem
311 851 434 912 odorem
448 851 581 929 corporis
595 849 747 910 iucundum
759 849 979 931 adfectantibus,
996 871 1059 914 curn
1075 853 1110 913 iri

103 937 182 998 arida
194 946 223 998 et
241 936 310 1002 salis
330 936 447 1012 exiguo.
474 935 545 996 lolia
565 943 595 995 et
610 951 700 1013 supra
719 933 805 995 dictis
823 935 973 997 medentur
990 948 1019 1000 et
1030 942 1153 1004 “stru-70

102 1024 171 1100 mis,
187 1020 285 1100 panis,
302 1019 448 1082 ulceribus
465 1021 495 1078 in
510 1019 586 1080 iacie
601 1019 725 1080 dec'oota
739 1018 768 1080 in
783 1020 861 1080 vino.
892 1022 964 1082 cinis
978 1041 996 1081 e
1011 1023 1111 1085 radice

70 1116 94 1160 1⁰
103 1105 254 1186 alopecias
269 1103 403 1170 emendat
414 1113 444 1170 et
458 1105 545 1168 rimas
558 1104 663 1187 pedum
676 1102 829 1186 sedisque,
847 1103 988 1168 decoctae
1003 1107 1109 1169 radicis

102 1195 131 1252 in
145 1193 214 1254 oleo
229 1211 332 1270 sucus,
352 1197 508 1276 perniones
524 1201 554 1252 et
574 1192 713 1255 ambusta.
743 1200 772 1251 et
786 1191 920 1269 gravitati
940 1193 1048 1253 aurium
1068 1194 1109 1252 in·
1184 1213 1187 1224 ⁴

101 1277 240 1353 funditur,
264 1295 280 1338 n
301 1281 444 1341 contraria
464 1277 579 1340 aurein
593 1277 698 1338 dolore
713 1277 847 1337 dentium.
876 1276 996 1355 prodest
1010 1286 1040 1338 et
1053 1279 1110 1338 uri·

100 1379 155 1422 nae
169 1371 238 1440 pota
252 1363 467 1424 modicebadix
482 1371 512 1423 et
525 1363 681 1423 menstruis
699 1368 729 1420 et
747 1361 847 1422 lateris
862 1359 1024 1440 doloribus,
1041 1363 1110 1422 item

101 1447 209 1524 ruptis,
233 1448 400 1523 convolsis,
418 1447 562 1524 tussibus,
583 1446 738 1508 drachmae
753 1445 884 1526 pondere
902 1447 932 1504 in
946 1447 1013 1506 vino
1028 1454 1107 1524 pota.

67 1529 204 1592 rseedem
227 1540 255 1590 et
269 1533 441 1592 vomitiones
456 1532 572 1592 adiuvat
594 1530 827 1592 conmanducata.
861 1532 970 1590 semine
993 1539 1107 1609 sumpto

100 1612 232 1674 turbatur
243 1623 355 1674 venter.
387 1613 578 1689 chrysermus
591 1624 620 1673 at
635 1614 784 1692 parotidas
799 1615 829 1674 in
843 1613 910 1694 uino
927 1612 1050 1673 decocta
1064 1633 1109 1675 ra·
1117 1622 1148 1676 71

101 1699 312 1771 dioecensin,
333 1698 402 1755 item
417 1706 539 1758 strumas
564 1696 689 1758 admixta
706 1695 814 1772 cachry
835 1713 873 1756 ex
887 1696 963 1756 vinc.
994 1696 1108 1775 quidam

102 1781 196 1856 aiunt,
217 1781 243 1839 si
258 1781 382 1859 inposita
396 1779 496 1840 radice
512 1798 580 1860 pers
595 1782 657 1846 eius
674 1781 703 1840 in
718 1781 796 1842 iumo
811 1779 1003 1858 suspendatur
1025 1798 1108 1860 quar·

101 1874 191 1943 toque
211 1863 260 1926 die
279 1864 423 1941 solvatur,
444 1881 499 1924 nna
520 1883 584 1926 cum
603 1865 701 1925 radice
722 1881 860 1926 arescere
881 1873 1024 1924 strumam.
1053 1865 1107 1923 So·

66 1949 225 2028 sophocles
240 1947 276 2008 ad
292 1949 438 2027 podagras
452 1957 576 2027 utroque
589 1949 692 2025 modo,
709 1957 793 2010 cocta
806 1948 952 2028 crudaque
966 1966 1036 2009 usus
1051 1957 1106 2008 est.

102 2033 137 2092 ad
149 2034 306 2110 perniones
321 2033 473 2094 decoctam
484 2050 522 2091 ex
536 2033 603 2093 oleo
616 2032 695 2093 dedit
717 2042 747 2093 et
764 2031 891 2092 subfusis
909 2031 980 2092 felle
998 2033 1028 2092 in
1039 2032 1107 2091 vino

102 2126 132 2176 et
147 2115 325 2194 hydropicis.
359 2133 497 2176 venerem
512 2133 631 2196 quoque
648 2116 792 2176 concitari
805 2133 869 2176 cum
883 2116 949 2176 vino
967 2125 997 2176 et
1018 2115 1106 2178 melle

102 2201 250 2279 perunctis
265 2209 313 2260 aut
327 2199 493 2260 bibentibus
516 2199 671 2261 tradidere.
704 2197 889 2260 Xenocrates
914 2208 944 2258 et
965 2199 1106 2276 lichenas,
1115 2205 1148 2262 ta

100 2299 222 2363 psoras,
246 2282 480 2362 lepras‚-radice
501 2285 530 2342 in
550 2293 635 2346 aceto
657 2282 780 2344 decocta
801 2281 866 2344 tolli
888 2282 974 2358 dicit,
999 2283 1066 2343 itam
1081 2285 1106 2343 si

66 2376 187 2430 recocta
208 2369 245 2428 sit
260 2386 325 2428 cunr
342 2368 520 2442 hyoscyamo
536 2376 567 2428 et
585 2369 650 2446 pice
672 2367 797 2447 liquida,
815 2366 924 2426 alarum
944 2376 1106 2444 quoquest

47 2489 53 2496 -
100 2451 236 2510 feminum
251 2453 335 2526 vitia,
351 2460 381 2510 et
395 2451 531 2529 capillum
545 2451 716 2530 crispiorem
730 2451 808 2526 lieri,
824 2467 891 2510 raso
908 2453 985 2527 prius
998 2451 1104 2528 capite,
1208 2507 1213 2522 ,

102 2536 126 2595 si
141 2535 242 2595 radice
258 2535 445 2610 eairicetur,
466 2535 559 2595 Simus
579 2534 691 2614 lapides
712 2536 822 2595 renium
841 2535 872 2592 in
891 2535 957 2594 vino
981 2534 1106 2595 decocta

101 2627 230 2697 potaque
251 2619 346 2678 eximi.
391 2619 584 2697 Hippocrates
611 2620 720 2679 semine
742 2618 778 2678 ad
796 2619 918 2696 impetus
939 2617 1023 2678 lienis
1044 2617 1106 2678 dari

103 2711 214 2762 censet.
249 2703 437 2762 iumentorum
461 2719 576 2780 quoque
596 2703 695 2764 ulcera
716 2720 751 2762 uc
771 2700 900 2762 scabiem
925 2701 1008 2762 radix
1025 2702 1105 2762 inlita

67 2803 93 2846 ao
103 2794 151 2847 aut
168 2785 311 2862 decoctae
324 2803 410 2846 sucus
427 2785 463 2846 nd
478 2786 567 2864 pilum
580 2786 704 2848 reducit.
733 2801 829 2846 mures
842 2783 944 2844 eadem
960 2785 1103 2862 fugantur,

104 2887 230 2930 caverna
243 2869 578 2948 praeclusa-moriamur.

166 2953 249 3032 (33.)
272 2943 464 3031 Asphodelcn
481 2953 517 3014 ab
531 2952 660 3013 Hesiodo
682 2951 795 3030 quidam
816 2951 941 3014 halimon
962 2950 1147 3030 appellarils
1252 2933 1254 3014 Ῐ

103 3038 324 3112 existimavere,
351 3037 429 3115 quod
451 3038 562 3099 laisum
576 3035 708 3097 arbitror.
753 3045 798 3098 est
818 3037 899 3098 enirn*
913 3052 966 3095 suo
988 3036 1103 3095 nomine

17 3169 26 3182 .
79 3182 84 3189 ,
103 3120 244 3196 halimon,
260 3137 317 3180 non
332 3121 414 3198 parvi
429 3130 458 3180 et
472 3123 565 3199 ipsum
580 3121 686 3181 erroris
701 3122 776 3179 inter
788 3129 933 3185 auctores.
964 3120 1013 3180 alii
1027 3121 1102 3179 enim

65 3227 92 3269 as
103 3204 235 3266 fruticem
257 3221 324 3264 esse
345 3205 444 3266 dicunt
464 3204 598 3279 densum,
624 3203 788 3280 candidum,
819 3206 881 3264 sine
903 3207 1000 3283 spinas
1023 3203 1102 3264 loliis

90 3287 206 3364 'oleae‚
228 3286 281 3347 sed
299 3286 497 3364 mollioribus,
519 3289 605 3366 coqui
624 3288 698 3349 haec
720 3286 850 3350 ciborum
867 3289 969 3366 gratia.
1004 3287 1103 3347 radice
1125 3291 1130 3318 ¹
1249 3315 1250 3320 ι

101 3372 223 3433 tormina
241 3371 344 3432 discuti
361 3371 514 3432 drachmae
535 3371 668 3451 pondere
683 3371 711 3432 in
731 3389 805 3449 aqua
822 3372 913 3432 mulsa
931 3379 1014 3450 pota,
1033 3372 1102 3430 item

101 3464 197 3535 rupta,
210 3455 359 3518 convolsa.
376 3454 424 3516 alii
436 3455 499 3516 clas
511 3456 678 3518 maritimum
688 3472 755 3516 essa
766 3455 866 3517 dixere
878 3454 985 3516 salsnm
995 3465 1024 3516 et
1035 3455 1145 3520 indell
