2552 3866
178 227 238 292 188
519 240 548 288 o.
565 241 661 290 antur
679 239 827 289 sueonos

177 396 254 476 qnod
273 393 375 456 Graeci
391 395 581 474 sympathiam
598 403 626 455 et
642 394 824 473 antipathiam
838 395 1044 474 appellavere,
1065 397 1167 475 quihus

177 488 279 540 cuncta
298 487 444 555 constant,
467 479 542 557 iguis
557 479 638 557 aquis
652 478 913 556 repungnantibus,
931 496 1019 557 aquas
1036 480 1101 540 sole
1116 482 1165 542 de-

119 619 122 626 ,
175 573 312 638 vorante,
337 563 401 624 luna
419 565 565 642 pariente,
588 561 681 622 altero
696 563 815 623 alterius
835 564 935 624 iniuria
955 563 1108 624 deficiente
1129 567 1164 624 si·

132 657 150 712 ²
176 649 256 709 dere.
301 655 405 726 atque,
425 656 456 706 ut
475 665 491 706 a
512 645 724 705 sublimioribus
741 646 928 723 recedamus,
951 647 1059 708 famum
1079 648 1164 710 adse

174 731 305 792 trahente
322 739 455 808 magnete
472 730 567 808 lapide
582 737 613 788 et
627 729 684 788 alio
696 747 794 790 rursus
810 731 945 807 abigente
961 748 978 792 a
994 749 1077 808 sese,
1100 732 1188 793 ada-s

175 824 268 875 manta
282 831 368 893 opum
380 814 529 892 gaudium,
546 813 709 890 infragilem
725 815 800 872 omni
820 823 918 874 cetera
933 816 962 874 vi
978 825 1007 875 et
1021 816 1163 894 invictum,

175 900 314 976 sanguine
329 898 440 958 hircino
455 906 621 975 rumpente,
645 914 778 976 quaeque
801 897 856 957 alia
874 897 902 956 in
918 898 977 957 suis
993 899 1067 959 locis
1089 900 1165 960 dice·

174 1001 237 1042 mus
253 985 332 1062 paria
346 981 395 1040 vel
410 976 517 1045 mitiora
534 981 644 1040 miratu.
667 989 773 1042 tantum
788 982 872 1042 venia
889 983 927 1042 sit
940 999 957 1043 a
973 984 1102 1044 minumis
1115 983 1165 1044 sed

175 1085 191 1127 a
207 1064 377 1127 salutaribus
392 1062 514 1124 ordienti
525 1066 704 1144 primumque
717 1064 753 1126 ab
770 1065 935 1136 hortensiis.

132 1159 228 1214 aaran
259 1149 328 1224 Gap.
348 1147 375 1204 1.
392 1145 456 1225 (2.)
479 1144 626 1210 cucumim
641 1149 805 1209 silvestrem
823 1168 891 1210 esse
916 1150 1053 1225 diximus,
1077 1152 1200 1211 multem

174 1233 246 1293 inira
260 1228 481 1306 magnitudinem
496 1233 589 1292 sativi.
621 1250 709 1292 exeo
726 1233 758 1292 bt
771 1234 1006 1293 medicamentum
1023 1235 1100 1311 quod
1114 1251 1165 1294 vo·

175 1321 254 1376 catur
269 1313 418 1373 elaterium
434 1331 505 1374 suco
522 1331 664 1392 expresso
681 1317 798 1391 semini,
822 1318 901 1374 cuins
922 1333 1009 1376 causa
1031 1317 1086 1377 nisi
1107 1337 1165 1380 ma·

174 1400 263 1458 turius
278 1395 427 1473 incidatur,
443 1413 544 1460 semen
558 1397 654 1457 exsilit
668 1397 818 1457 oculorum
833 1400 917 1457 etiam
931 1400 1073 1475 periculo.
1104 1419 1164 1462 ser·

173 1490 255 1542 vatur
273 1488 367 1542 antem
381 1481 536 1560 decerptus
552 1497 606 1541 una
617 1490 714 1556 nocte,
729 1489 848 1558 postero
860 1482 906 1541 die
917 1481 1049 1541 inciditur
1061 1481 1164 1543 harun-

173 1568 248 1628 dlue.
286 1582 385 1626 semen
405 1582 522 1646 quoquc
546 1567 643 1625 cinere
667 1564 797 1624 conditur
824 1564 859 1625 ad
884 1564 1076 1626 coercendam
1091 1569 1202 1627 susim

174 1650 388 1725 abundantiam,
417 1651 465 1728 qui
487 1667 645 1728 expressus
666 1649 821 1727 suscipitur
842 1666 915 1726 aqua
937 1649 1058 1709 caelesti
1078 1658 1166 1728 atque
1263 1711 1264 1722 ,

176 1733 312 1809 subsidit,
332 1733 437 1794 deinde
459 1732 524 1793 sole
547 1734 660 1810 cogitur
679 1733 707 1792 in
728 1733 861 1811 pastillos
875 1734 911 1794 ad
925 1749 1045 1809 magnos
1060 1743 1168 1793 morta<
1263 1731 1264 1762 l

176 1820 243 1879 lium
267 1835 352 1893 usus,
378 1817 569 1878 obscuritates
585 1826 615 1876 et
629 1817 697 1876 vitia
711 1817 876 1891 oculorum,
899 1834 1037 1898 genarum
1054 1818 1164 1892 ulcera.

133 1912 150 1964 4
175 1901 301 1962 Tradunt
315 1899 372 1959 hoc
392 1917 464 1960 suco
480 1900 563 1960 tactis
578 1899 721 1960 radicibus
738 1901 835 1960 vitium
852 1917 909 1959 non
924 1902 1023 1977 attingi
1038 1917 1109 1961 uvas
1127 1900 1164 1961 ab

176 1983 286 2045 avibus.
322 1983 405 2044 radix
423 1993 516 2044 autern
531 2001 568 2043 ex
584 1992 668 2044 aceto
688 1992 772 2044 cocta
788 1983 925 2062 podagris
940 1984 1066 2044 inlinitur
1080 1999 1200 2046 suco-an

149 2121 155 2139 s
176 2084 233 2146 quc
248 2067 373 2127 dentium
388 2067 482 2127 dolori
502 2068 648 2144 medetur,
671 2068 749 2129 arida
769 2084 832 2126 cum
853 2069 948 2128 resina
968 2069 1165 2146 impetiginem

176 2160 205 2211 et
226 2149 353 2211 scabiem
374 2169 506 2229 quaeque
527 2169 641 2230 psoram
663 2160 692 2210 et
715 2151 844 2211 lichenas
862 2159 983 2226 vocant,
1005 2152 1164 2230 parotidas,

175 2251 267 2314 panos
281 2243 363 2298 sanat
377 2243 406 2294 ei
421 2234 601 2295 cicatricibus
618 2234 747 2294 colorem
763 2235 868 2311 reddit,
884 2244 913 2294 et
928 2234 1062 2296 loliomm
1077 2253 1164 2296 sucus

175 2317 290 2380 aurih‘ns
306 2317 398 2379 surdis
417 2337 478 2378 cum
493 2327 578 2378 aceto
594 2316 776 2379 instillatum„

133 2415 149 2468 5
241 2402 302 2480 (3.)
332 2400 460 2462 Elaterio
482 2403 671 2478 tempestivos
694 2409 738 2460 est
762 2409 911 2477 autumno,
938 2420 993 2462 nec
1014 2403 1103 2463 ullum
1126 2415 1202 2463 exta

175 2485 386 2546 medicamentis
401 2483 533 2560 longiore
548 2500 621 2544 aevo
637 2483 728 2543 durat.
761 2484 860 2562 incipit
873 2503 889 2544 a
904 2486 1025 2546 trimatu.
1060 2487 1085 2545 si
1099 2489 1165 2566 quis
1260 2489 1261 2506 ¹

174 2568 340 2630 recentiora
365 2568 406 2626 uti
430 2567 516 2643 velit,
543 2566 675 2644 pastillos
700 2568 728 2626 in
752 2583 828 2626 novo
853 2563 934 2629 fictili
955 2569 1014 2646 igni
1034 2570 1113 2630 lento
1136 2571 1167 2630 in

175 2659 259 2712 aceto
276 2651 380 2710 domet.
412 2650 514 2710 melius
532 2668 589 2728 quo
605 2651 756 2726 vetustius,
766 2651 882 2729 ¹luitque
898 2652 953 2712 iam
968 2653 1099 2713 ducentis
1115 2671 1165 2714 an·

174 2735 218 2794 nis
232 2742 392 2811 servatum,
408 2742 438 2794 ut
453 2741 613 2810 auctorest
628 2733 861 2814 Theophrastus,
879 2745 909 2795 et
922 2754 1014 2813 usquc
1030 2738 1066 2798 ad
1082 2739 1165 2816 quin·
1259 2729 1260 2740 ’

170 2819 373 2898 .quagesimum
384 2818 563 2879 lucernarum
577 2818 680 2878 lumina
695 2820 859 2896 exstinguit.
882 2818 939 2879 boc
951 2822 1025 2879 euim
1036 2823 1098 2880 veri
1111 2839 1164 2880 ex·
1177 2832 1204 2874 ao

176 2905 364 2982 perimentum
379 2911 438 2978 est,
452 2903 486 2961 'si
502 2902 644 2963 admotum
667 2902 746 2980 prins
765 2918 848 2979 quam
870 2904 1033 2980 exstinguat
1054 2905 1166 2964 scintil-

133 2993 150 3052 6
174 2987 235 3048 lare
251 3002 363 3047 sursum
385 3002 419 3044 ac
441 2984 576 3045 deorsum
597 2993 691 3062 cogat.
727 2982 862 3063 pallidum
883 3004 917 3045 ac
932 2986 1000 3047 leve
1014 2986 1167 3048 herbaceo

175 3087 209 3131 ac
223 3070 329 3131 scabro
347 3068 448 3128 melius
470 3085 505 3129 ac
525 3068 630 3128 leniter
649 3085 783 3128 amarum.
817 3077 917 3147 putant
938 3079 1096 3150 conceptus
1115 3071 1167 3132 ad·

174 3155 264 3214 lavari
280 3153 435 3230 adalligato
448 3153 567 3227 semine,
582 3153 606 3211 si
619 3161 724 3212 terram
738 3167 796 3210 non
811 3153 946 3230 attigerit,
966 3163 1064 3233 partus
1079 3171 1167 3232 vero,

174 3238 242 3296 siin
256 3237 353 3296 arietis
368 3234 432 3296 lana
446 3234 600 3312 adligatum
614 3236 759 3294 inscientia
773 3233 876 3295 lumbis
890 3237 984 3314 luerit,
1001 3238 1039 3298 ita
1052 3247 1082 3298 ut
1092 3253 1164 3317 pro·
1176 3243 1205 3285 ³⁵

134 3327 150 3382 7
176 3321 250 3378 tinus
274 3319 310 3380 ab
332 3319 417 3380 enixu
436 3319 562 3397 rapiatur
582 3327 663 3378 extra
683 3317 805 3378 domum.
843 3318 939 3397 lpsum
960 3323 1098 3381 cucumim
1114 3324 1168 3400 qui

174 3402 355 3478 magnificant
367 3405 447 3463 nasci
461 3403 647 3484 praecipuum
659 3401 688 3459 ln
701 3401 818 3477 Arabia,
833 3419 902 3464 mox
915 3403 943 3464 iu
954 3397 1090 3480 Arcadia,
1106 3402 1170 3480 Cp·

175 3485 253 3545 renis
267 3486 315 3546 alil
329 3481 441 3547 tradunt
455 3487 575 3547 similem
584 3485 760 3566 heliotropio
772 3487 851 3548 cuins
862 3489 935 3549 inter
946 3488 1016 3550 lolia
1027 3497 1057 3547 et
1066 3505 1171 3549 ramos
