2512 3858
201 213 240 274 20
523 218 553 266 e.
570 215 665 269 rnrru
680 214 828 265 saeuum

202 375 315 437 circiter
337 385 385 434 xv
406 370 516 436 diebus.
552 373 655 434 iterum
679 369 837 448 germinant
861 375 1026 429 transeunte
1050 367 1180 446 geminos
1243 355 1244 390 ³

201 457 275 518 sole.
317 459 360 517 sic
385 456 416 516 iit
444 464 475 518 ut
494 455 584 535 prima
604 454 750 514 cacumina
774 450 873 530 inpelli
901 453 1008 512 secutis
1035 453 1180 530 adpareat,

161 552 210 604 lot
221 540 384 618 geniculato
408 540 594 599 incremento.
633 536 716 596 tertia
736 541 781 594 est
799 534 954 594 earundem
977 534 1012 594 ad
1033 534 1182 596 solstitium

201 623 380 698 breuissima,
395 639 450 681 uec
464 621 566 680 diutius
580 619 709 697 septenis
725 615 838 692 diebus,
851 617 988 697 clareque
1000 628 1029 678 et
1042 627 1108 678 tunc
1120 635 1182 676 cer·
1244 659 1245 668 ι

201 710 276 768 uitur
300 704 528 768 excrescentium
553 702 726 762 cacuminum
751 700 922 760 articulatio.
961 702 1035 763 Vitis
1055 701 1118 761 sola
1138 699 1206 758 biso

203 792 337 870 parturit,
370 785 574 863 cumprimum
600 782 700 844 emittit
724 799 823 857 uvam,
854 784 956 844 iterum
981 801 1044 844 oum
1069 784 1183 860 digerit.

204 891 303 934 eorum
332 887 405 949 quae
429 883 486 926 uon
511 865 614 926 iloreut
640 873 739 944 partus
766 873 871 924 tautum
899 874 945 924 est
972 875 1002 925 et
1027 867 1183 926 maturitas.

163 967 213 1020 loa
222 953 366 1030 Quaedam
381 951 471 1009 statim
485 950 514 1009 in
528 949 734 1026 germinatione
748 947 852 1008 florent
865 957 1078 1026 properantque
1092 950 1122 1008 in
1136 965 1185 1023 eo,
1245 1009 1246 1020 ,

203 1039 257 1100 sed
275 1035 356 1096 tarde
373 1039 582 1108 maturescunt,
607 1040 640 1090 ut
656 1032 741 1090 vites.
776 1031 904 1090 serotino
923 1030 1062 1109 quaedam
1080 1033 1186 1107 germi-

203 1127 268 1181 natu
282 1117 385 1177 dorent
399 1123 597 1193 maturantque
618 1114 769 1189 celeriter,
788 1113 871 1173 sicuti
889 1131 985 1174 morus
1002 1131 1075 1191 quae
1089 1116 1217 1174 novis-1⁰

203 1203 273 1262 sima
296 1198 464 1260 urbanarum
487 1199 628 1275 germinat
652 1215 707 1256 uec
732 1197 786 1257 nisi
810 1205 913 1257 exacto
932 1197 1068 1274 trigone,
1094 1197 1132 1256 ob
1158 1197 1188 1257 id
1246 1224 1247 1318 p

203 1284 278 1344 dicta
297 1281 504 1360 sapientissima
518 1281 660 1341 arborum.
689 1280 742 1340 sad
757 1297 820 1339 cum
836 1281 942 1358 coepit,
961 1282 990 1340 in
1006 1288 1111 1340 tantum
1125 1282 1187 1338 uui·

202 1382 287 1425 versa
302 1365 470 1440 germinatio
484 1364 607 1443 erumpit
623 1371 654 1424 ut
673 1380 727 1448 uua
747 1371 832 1423 uocte
853 1372 1008 1442 peragatur
1023 1364 1107 1424 etiam
1123 1381 1188 1422 oum

203 1456 263 1507 stre
285 1447 334 1507 itu.

163 1538 213 1592 103
265 1465 363 1610 ρ(42.)
390 1528 435 1591 Ex
450 1529 495 1592 his
510 1547 584 1608 quae
599 1529 693 1590 hieme
708 1529 802 1608 aquila
818 1531 983 1605 exoriente,
1004 1538 1034 1590 ut
1053 1529 1186 1606 diximus,
1197 1541 1219 1581 ιι
1247 1574 1248 1638 1

162 1609 368 1692 '⁹’ccncipiunt
395 1613 480 1676 floret
499 1613 732 1693 primoomnium
751 1613 901 1691 ampgdala
919 1631 1018 1672 mense
1045 1614 1187 1688 ianuario,
1247 1641 1248 1682 ι

204 1695 305 1757 Martio
320 1714 391 1759 vero
406 1715 520 1775 pomum
533 1706 663 1758 maturat.
693 1695 730 1756 ab
745 1713 779 1756 ea
796 1713 951 1773 proxumae
967 1695 1071 1756 dorent
1085 1696 1187 1757 Arme·
1247 1687 1248 1700 ¹

204 1781 304 1858 niaca,
319 1781 386 1856 dein
397 1780 516 1841 tubures
532 1789 561 1840 et
572 1796 748 1858 praecoces,
765 1777 832 1838 illae
844 1779 1033 1858 peregrinae,
1049 1778 1102 1838 lrae
1118 1795 1187 1838 coa·

205 1871 285 1938 otae,
308 1863 407 1924 ordine
421 1872 514 1922 autem
529 1872 645 1922 naturae
667 1860 840 1922 silvestrium
854 1861 961 1941 primae
979 1860 1120 1934 sabucus,
1138 1862 1189 1920 oui

204 1945 327 2006 medulla
342 1945 485 2024 pluruma,
506 1954 535 2004 et
551 1947 597 2004 cui
616 1944 709 2018 nulla,
731 1961 837 2005 coruus
854 1945 996 2020 mascula,
1016 1943 1221 2004 urbanarumm
1248 1922 1249 1998 l

204 2026 295 2086 malus
310 2043 458 2105 parvoque
473 2036 549 2105 post,
564 2036 596 2086 ut
609 2027 691 2087 simul
705 2028 799 2105 possit
812 2028 915 2103 videri,
930 2029 1008 2106 pirus
1024 2034 1053 2084 et
1067 2043 1190 2087 cerasus
1248 2027 1249 2070 ἐ

164 2119 214 2173 104
223 2117 252 2168 et
271 2127 388 2187 prunus.
417 2112 545 2188 sequitur
567 2111 680 2184 laurus,
701 2109 778 2170 illam
799 2127 969 2189 cupressus,
990 2109 1056 2168 dein
1069 2111 1189 2186 punica,

205 2192 261 2252 lici.
292 2201 321 2252 et
332 2194 406 2253 vites
422 2202 451 2254 et
466 2194 549 2255 oleae
570 2193 737 2256 florentibus
755 2196 811 2253 iam
829 2192 873 2254 his
893 2192 1066 2267 germinant,
1090 2193 1189 2252 conei-

205 2276 285 2354 piunt
298 2276 480 2353 vergiliarum
494 2287 606 2338 exortu.
635 2276 692 2337 hoc
702 2277 779 2336 sidus
788 2275 898 2336 illarum
909 2281 962 2332 est.
992 2271 1077 2332 floret
1092 2283 1190 2336 autem

204 2358 328 2418 solstitio
343 2360 410 2419 uitis
427 2369 456 2418 et
470 2377 543 2436 qnae
561 2360 647 2437 paulo
662 2360 753 2418 serius
774 2357 873 2437 incipit
886 2356 962 2416 olea.
992 2354 1191 2418 deflorescunt
1198 2377 1223 2416 aa

202 2441 298 2506 ‚omnia
318 2442 446 2520 septenis
466 2441 568 2501 diebus
589 2458 646 2502 uon
667 2441 808 2516 celerius,
829 2439 967 2519 quaedam
987 2439 1110 2515 tardius,
1134 2441 1191 2500 sed

204 2520 281 2582 nulla
295 2522 423 2598 pluribus
437 2523 481 2582 bis
496 2525 640 2602 septenis,
654 2525 748 2600 'omnia
765 2533 794 2582 et
808 2525 880 2584 iutra
889 2535 963 2584 vul.
977 2523 1041 2582 idus
1055 2522 1107 2584 lul.
1126 2532 1190 2584 ete·

205 2604 308 2664 siarum
323 2622 486 2683 praecursu.

87 2745 91 2764 ,
164 2696 214 2748 105
284 2687 335 2750 26.
359 2688 442 2768 (43.)
467 2685 530 2748 Nec
546 2690 638 2750 statim
650 2688 760 2749 fructus
771 2689 899 2767 sequitur
910 2689 938 2748 iu
950 2688 1099 2768 aliquibus.
1122 2707 1189 2750 cor·

204 2785 257 2828 nus
273 2770 346 2830 enim
361 2772 439 2832 circa
455 2771 578 2832 solstitia
592 2772 685 2832 reddit
701 2773 791 2850 primo
812 2771 975 2847 candidum,
997 2781 1098 2850 postea
1121 2790 1189 2832 san·
1199 2793 1224 2834 ao

204 2852 345 2927 guineum.
375 2871 413 2914 ex
433 2873 470 2915 eo
490 2872 599 2932 genere
619 2854 723 2915 iemiua
751 2863 816 2931 post
842 2862 1000 2915 autumnum
1023 2855 1079 2916 lert
1096 2853 1189 2916 bacas

205 2933 325 2996 acerbas
350 2945 379 2995 et
402 2937 581 3014 ingustabilis
603 2939 712 2998 cunctis
736 2935 939 3012 animantibus,
965 2938 1042 3014 ligno
1070 2954 1189 3016 quoque

206 3016 330 3094 iungoso
352 3027 381 3078 et
399 3019 506 3095 inutili,
529 3037 592 3079 cum
611 3038 671 3080 mas
689 3039 705 3079 e
720 3018 880 3079 fortissimis
902 3021 1116 3099 durissimisque
1138 3023 1186 3084 sit.

164 3109 215 3162 106
226 3107 302 3160 tanta
322 3101 482 3163 differentia
500 3100 537 3162 ab
557 3103 660 3164 eodem
682 3119 791 3179 genere
808 3102 848 3161 lit.
882 3103 934 3162 aad
957 3111 987 3161 et
1006 3104 1189 3164 terebinthus

205 3183 348 3244 messibus
361 3183 455 3244 reddit
471 3201 569 3245 semen
586 3194 615 3246 et
630 3203 699 3246 acer
714 3184 900 3258 ottramnus,
921 3202 1010 3244 uuces
1025 3195 1056 3246 et
1069 3187 1143 3247 mala
1156 3197 1226 3247 etas

205 3265 267 3340 pira
282 3275 479 3345 praeterquam
492 3266 609 3328 hiberna
625 3276 673 3328 aut
684 3269 993 3344 praecociaantumno,
1008 3268 1189 3346 glandiferae

206 3347 1187 3429 seriusetiamnum,vergiliarumoceasa,aesculustantumautumuo,

206 3428 359 3507 incipiente
369 3441 463 3493 autem
474 3433 566 3494 irienm
579 3432 717 3512 quaedam
728 3450 836 3512 genera
847 3433 913 3494 mali
925 3434 1035 3513 pirique
1048 3442 1077 3494 et
1086 3434 1186 3496 suber.
