2534 3866
194 207 234 270 84
535 217 565 266 c.
583 217 678 264 unum
693 215 842 264 sacunnr

195 392 252 434 non
269 373 371 433 eadem
386 375 414 434 in
430 375 488 444 vite
513 387 586 450 quae
609 370 637 429 in
655 369 779 430 arbustis
796 367 930 444 libertas,
958 369 1090 448 quoniam
1112 379 1194 432 certa

195 460 297 521 latera.
327 457 380 517 sed
395 457 511 518 facilius
528 453 709 514 abscondere
725 463 754 513 et
768 454 945 532 detorquere
961 470 1018 531 quo
1036 453 1111 513 velis
1131 453 1191 532 pla-

195 561 258 620 gas.
278 575 321 588 -
336 544 365 601 in
381 541 515 601 arborum
530 548 648 598 tonsura
665 539 812 616 supiniore
832 537 913 596 velut
931 537 1039 598 calices
1055 537 1192 614 faciendi,

196 645 231 687 ne
249 627 389 686 consistat
403 642 494 684 umor.

153 723 205 775 215
270 711 355 790 (36.)
379 709 434 768 Viti
449 705 620 769 adminicula
635 702 765 764 addenda
780 721 854 782 quae
867 705 986 766 scandat
998 705 1191 784 adprehensa,
1207 724 1219 762 s

88 857 93 865 ,
197 797 221 856 si
240 797 349 856 maiora
368 793 433 852 sint.
462 791 512 852 24.
535 788 643 849 Vitium
661 804 870 864 generosarum
892 790 1031 866 pergulas
1055 786 1192 866 quinqua·

196 879 287 940 tribus
304 876 443 956 putandas
460 882 502 948 et,
519 887 638 952 quarum
653 887 773 931 servare
789 890 861 932 uvas
877 872 983 948 libeat,
999 872 1193 933 decrescente

196 964 263 1024 luna
277 961 407 1035 tradunt,
424 975 498 1037 quac
513 973 586 1018 vero
604 954 758 1016 interlunio
779 956 835 1016 sint
853 965 969 1034 putatae
983 956 1068 1016 nullis
1084 958 1193 1016 auima-

196 1048 263 1108 lium
280 1043 423 1105 obnoxias
438 1059 515 1102 esse.
544 1040 599 1101 alia
614 1042 726 1101 ratione
738 1039 825 1118 plena
839 1040 904 1100 lurra
919 1049 1007 1100 noctu
1020 1040 1192 1114 tondendas,

196 1147 260 1189 cum
275 1129 312 1186 sit
326 1144 361 1185 ea
377 1127 406 1184 iu
421 1126 520 1201 leone,
536 1126 705 1204 scorpione,
721 1124 881 1202 sagittario,
893 1137 987 1200 tauro,
1002 1133 1088 1202 atque
1106 1125 1134 1182 in
1146 1133 1192 1183 to·
1204 1144 1229 1184 ro

196 1222 254 1271 tum
268 1209 409 1270 serendas
424 1209 512 1288 plena
526 1218 575 1268 aut
590 1217 743 1268 crescente
759 1209 861 1287 utique
881 1218 1009 1268 censent.
1041 1208 1193 1269 Sufficiunt

197 1297 225 1355 in
241 1293 323 1354 ltalia
340 1293 469 1354 cultores
486 1293 551 1353 deni
565 1293 594 1352 in
610 1301 731 1351 centena
747 1292 1021 1368 iugeravinearum.

155 1388 206 1443 mo
269 1377 352 1456 (37.)
376 1377 419 1455 [l]
454 1375 491 1436 Et
516 1375 629 1434 abunde
652 1385 715 1436 satu
740 1373 876 1453 cultuque
897 1376 1031 1436 arborum
1056 1384 1191 1451 tractato,

198 1463 331 1539 quoniam
346 1461 383 1522 de
403 1460 505 1539 palmis
528 1469 557 1519 et
577 1461 670 1534 cytiso
694 1460 722 1517 iu
743 1460 906 1536 peregrinis
932 1460 1083 1520 arboribus
1112 1459 1192 1520 adia·

155 1543 300 1629 {35²},gftim
317 1545 454 1619 diximus,
470 1561 508 1604 ne
529 1545 597 1620 quid
616 1543 708 1617 desit,
726 1541 876 1608 indicanda
896 1544 1007 1623 reliqua
1027 1552 1126 1603 namra
1148 1553 1226 1603 estus

196 1647 301 1706 magno
315 1646 407 1708 opere
430 1629 577 1706 pertinens
599 1627 634 1687 ad
655 1625 748 1685 omnia
765 1644 808 1684 ea.
839 1627 1009 1703 infestantur
1024 1643 1147 1704 namque
1164 1636 1192 1686 et

197 1713 319 1774 arbores
335 1712 443 1772 morbis
457 1747 501 1757 -
515 1711 582 1789 quid
598 1713 671 1770 enim
687 1711 812 1787 genitum
829 1721 910 1771 caret
927 1711 970 1771 bis
986 1707 1090 1770 malis?
1105 1744 1148 1756 -
1164 1719 1193 1769 et

197 1797 373 1857 silvestrium
387 1795 501 1875 quidem
514 1796 696 1872 perniciosos
710 1803 816 1870 negant
827 1813 895 1853 esse
910 1796 1068 1873 vexarique
1085 1803 1191 1854 tantum

197 1881 336 1958 grandine
352 1882 381 1940 in
398 1880 606 1956 germinatione
621 1886 669 1938 aut
684 1877 768 1954 llore,
781 1877 862 1938 aduri
878 1895 993 1957 quoque
1009 1878 1127 1937 iervore
1144 1887 1192 1937 aut
1260 1873 1261 1912 l

199 1965 266 2022 llatu
283 1963 444 2040 frigidiore,
458 1971 652 2040 praepostero
664 1962 722 2038 die,
737 1977 907 2039 quamquam
920 1980 972 2024 suo
984 1962 1093 2039 frigora
1107 1963 1192 2022 etiam
1201 1979 1228 2020 m

101 2045 106 2048 ’
155 2055 206 2109 217
218 2069 241 2104 ιο
253 2055 384 2124 prosunt,
399 2055 429 2106 ut
448 2046 580 2106 diximus.
614 2045 689 2118 Quid
708 2041 802 2122 ergo?
823 2060 881 2102 non
898 2055 927 2105 et
941 2047 1016 2105 vites
1034 2045 1135 2122 algore
1150 2047 1190 2104 in·

198 2125 332 2191 tereuntl
347 2129 405 2189 hoe
416 2129 530 2207 quidem
543 2138 588 2190 est
600 2127 899 2207 quodeprebeudatur
910 2129 966 2189 soli
978 2131 1085 2204 vitium,
1101 2147 1190 2208 quou-
1258 2121 1259 2149 l

98 2254 103 2260 -
198 2216 253 2274 iam
268 2230 325 2272 uon
341 2215 437 2274 evenit
452 2215 505 2273 nisi
523 2215 551 2272 in
565 2212 681 2290 lrigido.
713 2214 810 2289 itaque
824 2230 878 2290 per
894 2213 1005 2273 hiemes
1024 2213 1099 2272 caeli
1113 2215 1190 2290 rigo·
1257 2243 1258 2267 r

197 2317 260 2360 rem
282 2297 454 2375 probamus,
482 2313 538 2356 non
560 2297 625 2356 soli.
667 2313 722 2355 nec
747 2295 953 2356 infirmissimae
979 2296 1100 2356 arbores
1123 2296 1192 2374 gelu

198 2381 410 2461 periclitantur,
435 2380 488 2440 sed
509 2396 673 2454 maxumae,
688 2379 858 2457 vexatisque
883 2381 922 2439 ita
937 2382 1083 2440 cacumina
1099 2382 1189 2460 prima
1201 2405 1228 2444 us

198 2466 373 2539 inarescunt,
383 2465 513 2541 quoniam
525 2461 713 2540 praestrictus
720 2479 778 2522 non
786 2465 879 2541 potuit
887 2481 923 2523 eo
935 2467 1088 2542 pervenire
1098 2482 1188 2524 umor.
1255 2471 1256 2499 ¹

156 2548 261 2626 21812]
285 2548 428 2608 Arborum
443 2546 556 2625 quidam
572 2563 737 2606 communes
752 2547 860 2622 morbi,
883 2547 996 2626 quidam
1018 2550 1122 2626 privati
1139 2568 1189 2626 ge·
1254 2557 1255 2615 t

101 2671 104 2678 s
198 2649 308 2690 nerum.
338 2628 501 2690 Communis
516 2629 714 2690 vermiculatio
731 2640 785 2706 est,
802 2631 940 2692 sideratio
952 2651 987 2692 ac
1002 2631 1087 2693 dolor
1102 2651 1189 2693 mem·
1253 2665 1254 2731 p

198 2714 331 2789 brorum,
352 2709 427 2774 unde
443 2715 562 2791 partium
581 2712 730 2789 debilitas,
753 2717 894 2776 societate
914 2717 1056 2776 nominum
1072 2734 1190 2796 quoque
1252 2775 1253 2790 ,

199 2815 262 2858 cum
274 2798 395 2858 bominis
405 2798 538 2858 miseriis.
563 2806 663 2858 trunca
676 2798 794 2859 dicimus
811 2809 891 2858 certe
905 2816 1030 2878 corpora
1042 2807 1071 2859 et
1085 2802 1190 2860 oculos
1200 2823 1229 2864 oo
1252 2797 1253 2848 l

155 2891 207 2946 219
218 2883 376 2960 geratinum
391 2890 511 2942 exustos
525 2899 560 2941 ac
575 2881 661 2941 multa
678 2882 761 2942 simili
777 2889 865 2940 sorte.
897 2883 993 2962 itaque
1011 2883 1145 2944 laborant
1162 2894 1190 2944 et
1251 2907 1252 2966 t

197 2965 272 3026 fame
289 2974 318 3024 et
336 2963 486 3040 cruditate,
504 2982 578 3042 quae
594 2964 662 3026 liunt
676 2965 782 3024 rumoris
797 2967 968 3042 quantitate,
986 2967 1101 3045 aliquae
1117 2986 1188 3029 vero

199 3060 227 3110 et
241 3049 394 3124 obesitate,
407 3056 437 3106 ut
453 3048 546 3108 omnia
559 3066 633 3126 quae
646 3049 770 3111 resinam
783 3049 877 3108 ierunt
892 3051 975 3108 nimia
991 3051 1188 3129 pinguitudine

197 3135 225 3192 in
240 3132 352 3193 taedam
367 3140 507 3192 mutanmr
523 3140 562 3208 et,
579 3150 642 3191 cum
656 3132 771 3192 radices
783 3150 897 3211 quoque
911 3133 1107 3210 pinguescere
1116 3153 1189 3195 coe·

196 3235 285 3294 pere,
308 3217 451 3276 intereunt
465 3223 496 3276 ut
512 3215 643 3276 animalia
659 3217 745 3274 nimio
762 3217 861 3294 adipe,
883 3216 1037 3294 aliquando
1053 3227 1083 3278 at
1097 3222 1188 3298 pesti·
1198 3237 1229 3282 aa

198 3299 286 3359 lentia
308 3318 362 3378 per
375 3317 502 3378 genera,
527 3300 600 3360 sicut
620 3301 695 3358 inter
718 3299 848 3358 lromines
874 3317 948 3360 nunc
964 3303 1087 3362 servitia
1112 3321 1189 3366 nuuc

155 3382 318 3461 moptebes
333 3383 439 3444 urbana
455 3383 503 3444 vel
518 3384 635 3444 rustica.
658 3383 699 3461 [31
715 3382 944 3444 vermiculantur
954 3387 1045 3462 magis
1057 3387 1189 3449 minusve

200 3467 353 3543 quaedum,
374 3483 473 3530 omnes
488 3476 583 3529 tamen
598 3468 678 3543 iere,
699 3467 785 3546 idque
806 3483 876 3528 aves
899 3469 961 3530 cavi
979 3470 1095 3529 corticis
1112 3489 1189 3534 sono
