2552 3866
169 183 239 285 mr
502 229 806 313 sensumsensurn

167 388 316 464 caligines.
351 385 496 464 inponitur
519 385 605 444 etiarn
622 383 715 444 oculis
735 385 763 442 in
782 379 847 442 lana
868 391 969 442 contra
994 383 1159 462 epiphoras.

121 472 244 538 cuidem
267 488 353 530 sucus
375 468 471 528 alvom
493 477 599 547 purgat
622 469 651 526 in
676 483 766 565 posca
788 475 873 544 potus
895 465 932 526 ad
952 466 1024 528 duos
1046 467 1159 527 obolos.

165 555 343 654 serpentium
360 552 466 612 ictibus
482 552 637 612 medetur
628 567 656 608 ιιι
671 551 738 612 vino
761 558 861 629 potus,
881 558 911 610 et
926 548 996 610 folia
1012 551 1161 629 thyrsique

166 640 225 700 triti
247 657 284 698 ex
304 629 389 698 ac'eto
413 636 555 696 bibuntur.
593 633 706 693 volneri
732 634 884 694 inlinuntur
906 651 1037 694 maxume
1064 645 1162 694 contra

166 724 352 801 scorpionum
369 723 460 795 ictus,
484 735 584 780 verum
599 727 700 777 contra
717 717 873 809 phalangia
889 721 1037 778 conmixta
1052 721 1119 778 vino
1134 727 1183 778 ets

124 815 266 872 bisaccio.
295 806 360 867 aliis
376 821 492 882 quoque
510 802 628 862 venenis
650 795 803 860 resistunt
793 803 953 878 ‚exceptis
975 821 1050 881 quae
1072 811 1162 862 stran-
1237 823 1243 832 ¹

166 889 291 968 gulando
310 896 414 950 necant
435 888 508 946 aut
499 887 534 946 ris
554 901 628 963 quae
645 885 763 944 vesicae
786 893 909 961 nocent,
931 887 1000 944 item
1018 886 1161 965 psimithio

166 983 304 1053 excepto
337 975 510 1050 inponuntur
531 978 561 1029 et
581 970 675 1028 ventri
693 987 731 1028 ex
745 967 832 1028 melle
851 977 937 1048 atque
956 979 1042 1030 aceto
1061 971 1098 1032 ad
1113 971 1162 1030 de·

166 1057 306 1118 trahenda
321 1057 388 1114 vitia
405 1053 471 1112 alvi.
502 1053 601 1114 urinae
617 1052 801 1114 difficultates
818 1071 905 1114 sucus
920 1053 1063 1114 emendat.
1093 1052 1162 1114 Cra-

167 1151 249 1203 teuas
266 1157 330 1199 eum
343 1146 372 1196 et
384 1134 554 1215 hydropicis
567 1136 662 1199 obolis
677 1137 813 1197 dnobus
804 1156 833 1197 ιιι
845 1147 931 1198 aceto
947 1147 976 1197 et
993 1137 1164 1213 cyathorum
1172 1157 1195 1198 ro

115 1225 226 1300 ¹rictdari
248 1221 335 1281 iubet.
368 1219 482 1296 quidum
504 1231 533 1281 et
545 1240 561 1281 e
574 1223 674 1281 sativis
691 1221 832 1318 colligunt
845 1239 944 1279 sucum
958 1223 1048 1281 miuus
1065 1221 1163 1282 ellica·

125 1310 167 1394 ¹⁰34
162 1307 197 1342 ¹²¹
211 1323 283 1366 cem.
299 1303 464 1382 peculiares
476 1321 573 1364 earum
583 1306 662 1363 vires
676 1305 798 1380 partim
791 1320 845 1362 ram
854 1304 1024 1378 diotaesunt,
1035 1321 1164 1364 somnum

144 1356 289 1451 iaciendi
308 1404 504 1466 veneremque
520 1385 682 1460 inhibendi,
703 1394 812 1445 aestum
826 1385 1035 1462 refrigerandi,
1057 1397 1162 1448 stoma·

165 1473 249 1534 obum
258 1469 415 1550 purgandi,
428 1471 594 1548 sanguinem
605 1468 740 1546 augendi
763 1485 821 1528 non
834 1485 947 1547 paucae
960 1478 1079 1546 restant,
1090 1488 1162 1568 quo-

165 1559 239 1617 niam
252 1554 451 1616 etrnllatrones
459 1553 613 1614 discutiunt
619 1561 776 1630 ructusque
785 1551 859 1612 lenrs
867 1552 985 1628 iaciunt,
995 1554 1163 1613 concoctio·
1177 1577 1202 1616 rs
1256 1559 1257 1586 ¹

166 1657 232 1702 nem
246 1640 391 1715 adiuvant,
404 1638 572 1699 cruditatem
586 1639 670 1715 ipsae
682 1653 835 1716 numquam
846 1636 963 1696 iaciunt.
979 1637 1102 1698 neculla
1113 1655 1164 1696 res

167 1727 196 1784 in
214 1724 288 1784 cibis
301 1725 393 1801 magis
407 1723 572 1782 aviditatem
587 1721 686 1781 incitat
701 1719 868 1798 inhibetque
884 1719 995 1780 eadem.
1028 1722 1056 1780 iu
1077 1737 1165 1781 causa

167 1809 363 1886 alterutraque
375 1807 476 1866 modus
490 1814 544 1866 est
563 1807 607 1865 sic
619 1813 648 1864 et
654 1804 756 1864 alvom
768 1805 951 1882 copiosiores
963 1805 1088 1882 solvont,
1104 1821 1165 1864 mo·

125 1887 251 1958 6'5dioae
266 1892 376 1953 sistunt.
400 1890 538 1950 lentitiam
549 1889 668 1967 pituitae
683 1888 815 1965 digerunt
826 1897 923 1965 atque,
940 1897 970 1948 ut
981 1889 1068 1967 aliqui
1079 1889 1165 1949 tradi·
1241 1947 1245 1958 ,

168 1978 286 2052 derunt,
304 1991 406 2032 sensus
421 1981 553 2050 purgant.
582 1972 739 2033 stomachis
753 1972 903 2032 dissolutis
917 1972 1068 2034 utilissime
1084 1972 1164 2036 adiu·
1174 1995 1201 2039 ro

167 2067 269 2120 uantur
287 2059 315 2117 in
334 2073 371 2118 eo
395 2075 447 2116 usu
469 2067 498 2117 et
515 2058 641 2135 oxypori
659 2055 756 2118 obolis
772 2057 1072 2134 asperitatom‘addito
1087 2060 1166 2123 dulci

168 2143 205 2204 ad
223 2142 371 2202 intinctum
388 2142 463 2200 aceti
484 2149 689 2218 temperantes.
716 2141 740 2199 si
757 2141 884 2205 crassior
899 2142 1001 2218 pituita
1019 2145 1071 2219 sit,
1096 2143 1165 2203 scil·

168 2226 219 2288 lite
238 2235 286 2286 aut
307 2226 374 2286 vino
397 2224 564 2300 absinthio,
588 2226 613 2284 si
636 2233 665 2284 et
683 2224 772 2283 tussis
790 2225 944 2302 sentiatur,
962 2225 1097 2306 hysopite
1114 2227 1164 2288 ud·

127 2310 268 2374 66mixto.
301 2308 563 2369 danturcoeliacis
586 2325 649 2367 cum
668 2307 765 2367 intubo
787 2309 912 2368 erratico
931 2318 960 2368 et
977 2309 1013 2370 ad
1034 2311 1166 2372 duritiam

167 2393 415 2471 praecordiorum.
450 2391 550 2452 dantur
569 2401 598 2450 et
618 2389 836 2450 melancholicis
859 2391 998 2452 candidae
1015 2396 1164 2473 copiosio·
1176 2413 1201 2452 aa

168 2485 267 2538 restet
289 2474 326 2536 ad
349 2478 466 2536 vesicae
487 2474 565 2533 vitia.
607 2473 788 2551 Praxagoras
813 2484 844 2535 et
867 2476 1050 2548 dysintericis
1072 2479 1163 2539 dedit.

168 2558 305 2622 ambustb
316 2575 434 2637 quoque
446 2566 566 2634 prosunt
578 2556 760 2633 recentibus,
775 2560 941 2638 priusquam
952 2560 1073 2638 pusulae
1084 2561 1164 2639 liant,

168 2658 233 2702 oum
247 2640 309 2702 sale
325 2640 432 2700 inlitae.
467 2639 566 2700 ulcera
586 2642 671 2700 etiam
687 2658 762 2719 qnae
776 2651 896 2720 serpunt
911 2653 1065 2720 coercent,
1082 2645 1164 2705 initio

169 2741 232 2784 cunr
253 2723 438 2802 aphronitro,
459 2740 528 2785 mox
547 2726 576 2784 in
592 2725 669 2785 vino.
703 2727 788 2803 tpitae
805 2727 865 2802 igni
887 2743 972 2787 sacro
996 2728 1163 2788 inlinuntur.

169 2807 308 2870 conuolsa
322 2817 352 2868 et
366 2808 463 2870 luxata
474 2807 604 2870 caulibus
618 2809 692 2868 tritis
706 2827 769 2869 cum
783 2809 900 2887 polenta
914 2828 951 2870 ex
967 2829 1041 2889 aqua
1056 2812 1165 2889 frigida
1176 2833 1204 2875 ao

125 2892 293 2969 dilaniant,
306 2895 473 2970 eruptiones
491 2892 676 2971 papularum,
697 2911 736 2953 ex
750 2893 816 2951 vino
834 2901 864 2950 et
882 2893 1009 2972 polenta.
1047 2897 1075 2955 in
1092 2895 1165 2955 cho·

168 2978 231 3038 lero
253 2993 369 3054 quoque
391 2983 491 3036 coctas
513 2976 616 3054 patinis
644 2975 800 3050 dederunt,
828 2975 865 3036 ad
891 2978 968 3055 quod
993 2978 1165 3040 utilissimae

168 3075 256 3140 quam·
266 3059 389 3120 maxumi
406 3058 497 3120 caulis
513 3067 543 3118 et
555 3075 679 3120 arnume.
709 3060 819 3138 quidam
836 3059 913 3120 lacte
927 3061 1083 3123 infundunt.
1111 3064 1164 3125 de·

167 3141 321 3204 terrefacti
345 3144 374 3204 hi
395 3142 494 3202 caules
517 3151 547 3202 et
569 3143 716 3204 stomacho
739 3141 879 3203 utilissimi
900 3145 1062 3224 traduntur,
1085 3149 1166 3208 sicut

170 3243 270 3288 samm
293 3229 402 3288 aestiua
424 3243 555 3288 mmnme
577 3226 689 3288 lactuca
704 3235 734 3286 et
749 3243 843 3288 amara
862 3228 1049 3308 lacteusque
1075 3248 1204 3309 quamaa

126 3330 156 3370 rs.
168 3329 202 3363 sss
224 3309 405 3371 meconidem
422 3311 599 3371 vocavimus.
641 3309 704 3370 lloc
724 3308 799 3370 lacte
820 3320 850 3370 et
871 3312 1020 3373 oculorum
1038 3315 1165 3375 claritati

170 3407 233 3452 cum
248 3392 379 3454 muliebri
393 3394 469 3456 lacte
479 3394 660 3454 utilissimum
675 3412 742 3456 esse
755 3395 946 3474 praecipitur,
964 3396 1029 3456 dum
1048 3407 1163 3478 tempe-

167 3476 242 3534 stive
263 3494 330 3536 οιιιιι
352 3479 447 3555 capite
468 3479 656 3555 inunguantur
676 3478 753 3538 oculi
776 3487 806 3538 et
823 3477 859 3538 ad
872 3480 940 3542 vitia
956 3498 1030 3558 quae
1045 3482 1162 3560 frigore
