2534 3866
171 197 211 260 48
515 211 818 264 cremonenses

173 368 272 446 plures
285 367 323 427 ita
345 367 542 427 continuentur
556 368 637 444 anni,
659 367 743 428 etiam
757 367 839 444 ipsae
857 361 1013 426 moriantur
1027 363 1156 437 arbores,

175 451 287 528 quondo
304 452 407 510 nemini
420 451 504 512 dubia
516 468 610 529 poena
622 459 668 510 est
680 453 708 510 in
723 450 797 512 lame
809 448 1007 508 laborantium.
1025 464 1096 524 ergo
1111 448 1158 527 qui

174 535 243 593 dixit
257 535 367 594 hiemes
381 552 502 596 serenas
517 533 656 612 optandas
673 552 730 594 non
751 549 805 611 pro
821 533 972 592 arboribus
996 540 1063 590 vcta
1079 531 1157 589 iecit.
1249 599 1250 614 χ

133 625 166 680 14
177 616 239 676 Nec
257 635 309 696 per
323 618 445 678 solstitia
461 617 566 678 imbres
580 617 685 676 vitibus
703 616 872 676 conducunt.
905 616 1026 676 hiberno
1045 613 1160 692 quidem

176 701 298 779 pulvere
320 700 459 762 laetiores
484 701 546 759 lieri
568 701 671 760 messis
699 698 867 760 luxuriantis
890 699 986 777 ingeni
1010 697 1179 758 fertilitates

175 783 278 844 dictum
307 795 361 844 est.
402 784 527 862 alioquin
551 792 620 842 vota
645 783 778 845 arborum
798 783 969 861 frugumque
1003 783 1159 841 commonia

176 878 240 927 sunt
261 869 334 926 nivis
355 868 476 927 diutinas
497 867 611 926 sedere.
643 880 733 926 causa
755 883 811 928 non
827 867 926 926 ¹solum
947 867 1012 944 quia
1040 864 1159 925 animam

174 961 269 1011 terrae
283 959 503 1010 evanescentem
517 939 699 1013 exhalatione
714 951 861 1011 includunt
877 958 907 1010 et
922 949 1100 1028 conprimunt
1114 966 1159 1008 re·

173 1043 276 1112 troque
296 1041 383 1110 agunt
401 1035 430 1092 in
451 1033 521 1092 viris
535 1033 647 1110 frugum
661 1042 747 1112 atque
761 1034 891 1108 radices,
914 1049 1013 1092 verum
1036 1032 1113 1111 qnod
1131 1040 1161 1092 et

173 1119 315 1196 liquorem
330 1119 437 1176 sensim
450 1115 607 1194 praebent,
626 1133 727 1196 purum
744 1125 895 1196 praeterea
915 1114 1158 1194 levissimumque,
1170 1131 1192 1172 rc

132 1214 166 1266 15
177 1199 288 1280 quando
312 1201 362 1258 nix
382 1217 517 1278 aquarum
536 1201 705 1262 caelestium
725 1218 825 1279 spuma
843 1208 900 1259 est.
928 1217 1002 1276 ergo
1022 1216 1103 1260 nmcr
1122 1217 1161 1260 ex

173 1285 217 1344 bis
233 1298 290 1341 non
302 1285 452 1342 universus
464 1285 641 1362 ingurgitans
653 1285 832 1362 diluensque,
845 1282 897 1344 sed
909 1283 1053 1362 quomodo
1066 1284 1159 1344 sititor

174 1365 334 1442 destillans,
350 1367 429 1428 velut
445 1385 482 1427 ex
495 1368 585 1427 ubere
600 1369 650 1428 alit
662 1369 754 1428 omnia
768 1385 842 1445 quae
857 1383 914 1426 non
927 1367 1050 1428 inundat.
1072 1365 1159 1428 tellas

172 1466 289 1529 quoque
307 1449 358 1510 illo
374 1452 459 1512 modo
475 1451 687 1528 fermentescit,
698 1460 727 1512 et
742 1453 785 1512 sui
801 1451 887 1530 plena
902 1468 919 1510 a
934 1450 1160 1512 lactescentibus

173 1534 243 1592 satis
266 1549 323 1594 non
344 1535 447 1611 clieta,
474 1551 537 1596 cum
558 1544 671 1614 tempus
688 1535 796 1613 aperit,
820 1535 925 1613 tepidis
943 1535 1054 1595 adridet
1068 1513 1193 1596 inrisu
1251 1551 1252 1604 p

106 1619 112 1631 ‘
173 1617 211 1676 ita
226 1635 356 1678 maxume
377 1618 516 1680 frumenta
537 1622 740 1698 pinguescunt,
762 1626 962 1697 praeterquam
981 1618 1031 1686 ubi
1051 1619 1161 1679 calidus

173 1719 290 1780 semper
311 1711 442 1781 aerest,
468 1704 546 1763 utin
567 1703 713 1781 Aegypto.
751 1701 924 1762 continuatio
950 1703 1025 1762 enim
1046 1711 1076 1761 et
1095 1703 1160 1779 ipsa

174 1787 352 1846 consuetudo
360 1787 435 1846 idem
444 1786 520 1865 qnod
532 1787 632 1847 modus
644 1784 731 1844 aliubi
743 1785 1064 1864 eiilcit,plnrunsnmque
1072 1786 1160 1863 prod·

132 1865 166 1934 1‘6
178 1877 222 1930 est
236 1870 408 1948 ubicumque
427 1886 483 1929 non
499 1887 565 1928 esse
588 1869 663 1947 prod
683 1877 798 1928 noceat.
828 1868 860 1928 ln
881 1870 989 1930 maiore
1010 1877 1092 1948 parte
1112 1883 1160 1927 cr-

172 1954 233 2027 bis,
249 1963 312 2012 eum
329 1969 490 2030 praecoces
506 1963 661 2011 excurrere
675 1952 899 2028 germinationes
915 1962 1054 2012 evocatae
1069 1951 1194 2012 indul-no

172 2036 269 2114 gentio
282 2035 367 2111 caeli,
380 2037 488 2095 secutis
499 2034 653 2112 frigoribus
666 2045 831 2102 exuruntur.
861 2035 964 2114 quade
979 2053 1161 2095 consacerd-

172 2118 248 2178 tinae
263 2117 374 2178 biennes
394 2120 509 2194 noxiae,
528 2097 709 2179 silvestribus'
722 2136 856 2199 qunque,
879 2136 953 2196 quae
967 2119 1057 2194 magis
1071 2119 1162 2178 etiam
1252 2163 1253 2190 2

172 2201 271 2262 dolent
285 2210 425 2280 arguente
441 2201 539 2262 umbra
562 2217 612 2264 sua
633 2221 688 2263 nec
700 2203 851 2263 adiuvante
865 2201 1019 2274 medicina,
1044 2202 1161 2277 qnando

15 2363 16 2370 ἵ
131 2292 164 2348 17
175 2287 283 2346 vestire
297 2295 413 2346 teneras
424 2286 531 2345 intorto
543 2292 699 2347 stramento
710 2288 737 2345 in
750 2285 928 2344 silvestribus
939 2297 995 2342 non
1006 2291 1062 2342 est.
1078 2282 1161 2362 llrgc

172 2371 361 2448 tempestivae
375 2387 467 2450 aquae
479 2367 605 2428 bibernis
615 2371 734 2445 primum
745 2368 773 2425 in
784 2365 931 2443 imbribus,
940 2365 1005 2427 dein
1015 2367 1160 2442 germinu-
1169 2386 1194 2427 as

172 2454 278 2513 tionem
303 2451 548 2512 antecedentibus.
586 2452 698 2509 tertium
723 2459 837 2528 tempus
862 2457 923 2526 est,
948 2465 1011 2510 cum
1035 2449 1162 2512 educant

172 2551 268 2616 poma,
281 2551 336 2593 nec
350 2535 497 2612 protinus,
523 2532 574 2593 sed
591 2534 644 2592 iam
660 2531 755 2592 valido
771 2532 842 2594 leta.
874 2550 947 2610 qnae
963 2533 1072 2594 fructas
1088 2551 1161 2596 snos

172 2619 275 2680 diutius
294 2618 440 2677 continent
459 2617 666 2693 longioresque
684 2617 848 2676 desiderant
861 2616 1013 2692 cibun-bis
1029 2626 1058 2676 et
1076 2635 1160 2678 sero·

172 2703 248 2761 tinae
266 2717 358 2779 aquae
373 2700 474 2775 utiles,
488 2707 520 2758 ut
533 2698 599 2775 viti,
617 2698 717 2774 oleae,
742 2700 862 2777 punicis.
891 2699 953 2760 Hae
969 2702 1024 2760 iam
1040 2701 1159 2780 pluviae

109 2809 136 2826 ·=
159 2782 289 2863 ⁸'generis
305 2787 441 2862 cuiusque
462 2781 611 2843 arboribus
625 2781 743 2842 diverso
756 2783 841 2844 modo
860 2783 1073 2859 desiderantur,
1091 2785 1193 2845 aliiseo

172 2870 230 2930 alio
245 2873 376 2946 tempore
392 2864 605 2926 maturantibus.
636 2875 813 2944 quapropter
827 2865 935 2926 eisdem
946 2868 1085 2927 imbribus
1103 2867 1158 2928 ali·

172 2969 229 3032 qua
245 2951 321 3014 laedi
335 2951 444 3024 videas,
463 2949 556 3027 aliqua
568 2950 668 3023 iuvari,
684 2951 767 3008 etiarn
781 2950 809 3008 in
824 2947 925 3010 ecdem
942 2967 1062 3026 genere,
1081 2951 1158 3040 s'mnt

171 3038 200 3094 in
214 3037 284 3114 piris
298 3033 356 3094 alic
367 3033 413 3093 die
425 3031 543 3092 biberna
562 3042 702 3109 quaeruut
720 3032 847 3108 pluvias,
871 3033 928 3092 alic
944 3050 1015 3093 vero
1033 3050 1156 3112 praecc-

174 3110 233 3195 eia,
250 3127 280 3177 ut
301 3119 409 3196 pariter
428 3117 540 3194 quidem
563 3116 655 3174 cronia
680 3114 845 3175 desiderent
872 3115 1019 3175 hibernum
1044 3126 1157 3196 tempus

131 3209 166 3264 18
176 3211 241 3261 ante
256 3199 498 3278 germinationem.
529 3197 609 3270 Quae
625 3197 787 3276 aquilonem
809 3208 905 3260 austro
922 3198 1065 3260 utiliorem
1086 3200 1193 3261 facitne

170 3286 243 3343 ratic
256 3285 357 3344 eadem
367 3283 574 3343 mediterranea
587 3281 730 3342 maritimis
745 3282 873 3360 praefert
883 3317 923 3328 -
936 3293 999 3342 sont
1009 3285 1080 3344 enim
1092 3283 1155 3361 ple-

80 3395 84 3411 ·
172 3383 290 3443 rumque
305 3365 452 3442 frigidiora
467 3374 549 3424 -et
567 3373 714 3424 montuosa
730 3366 821 3443 planis
841 3373 870 3430 et
887 3376 1041 3426 rrecturnos
1056 3367 1155 3426 imbris

171 3448 288 3510 diurnis.
319 3451 408 3526 magis
430 3450 547 3510 fruitura
569 3450 650 3526 aquis
671 3455 812 3512 satamon
828 3451 921 3509 statim
938 3451 1086 3512 asistente
1102 3463 1155 3512 eas
