<?xml version="1.0" encoding="UTF-8"?>
<!DOCTYPE html PUBLIC "-//W3C//DTD XHTML 1.0 Transitional//EN"
    "http://www.w3.org/TR/xhtml1/DTD/xhtml1-transitional.dtd">
<html xmlns="http://www.w3.org/1999/xhtml" xml:lang="en" lang="en">
 <head>
  <title>
</title>
<meta http-equiv="Content-Type" content="text/html;charset=utf-8" />
  <meta name='ocr-system' content='tesseract 3.04.00' />
  <meta name='ocr-capabilities' content='ocr_page ocr_carea ocr_par ocr_line ocrx_word'/>
</head>
<body>
  <div class='ocr_page' id='page_1' title='image "./cplinisecundina23plingoog_0278.png"; bbox 0 0 2538 3864; ppageno 0'>
   <div class='ocr_carea' id='block_1_1' title="bbox 193 184 1087 278">
    <p class='ocr_par' dir='ltr' id='par_1_1' title="bbox 193 184 1087 278">
     <span class='ocr_line' id='line_1_1' title="bbox 193 184 1087 278; baseline -0.008 -13"><span class='ocrx_word' id='word_1_1' title='bbox 193 184 196 198; x_wconf 56' lang='lat'><em>&#39;</em></span> <span class='ocrx_word' id='word_1_2' title='bbox 303 217 384 264; x_wconf 82' lang='lat' dir='ltr'><strong>unu.</strong></span> <span class='ocrx_word' id='word_1_3' title='bbox 399 215 491 264; x_wconf 79' lang='lat' dir='ltr'><strong>ulau.</strong></span> <span class='ocrx_word' id='word_1_4' title='bbox 506 215 565 262; x_wconf 83' lang='lat' dir='ltr'><strong>xx</strong></span> <span class='ocrx_word' id='word_1_5' title='bbox 583 195 703 264; x_wconf 77' lang='lat' dir='ltr'><strong>aa-m</strong></span> <span class='ocrx_word' id='word_1_6' title='bbox 721 199 872 278; x_wconf 79' lang='lat' dir='ltr'><strong>(te-80)</strong></span> <span class='ocrx_word' id='word_1_7' title='bbox 1027 197 1087 258; x_wconf 78' lang='lat' dir='ltr'><strong>am</strong></span> 
     </span>
    </p>
   </div>
   <div class='ocr_carea' id='block_1_2' title="bbox 9 303 1188 3558">
    <p class='ocr_par' dir='ltr' id='par_1_2' title="bbox 9 303 1188 3550">
     <span class='ocr_line' id='line_1_2' title="bbox 91 303 1090 450; baseline -0.008 -16"><span class='ocrx_word' id='word_1_8' title='bbox 91 391 154 434; x_wconf 85' lang='lat' dir='ltr'><strong>mox</strong></span> <span class='ocrx_word' id='word_1_9' title='bbox 168 376 197 432; x_wconf 91' lang='lat' dir='ltr'><strong>iu</strong></span> <span class='ocrx_word' id='word_1_10' title='bbox 212 303 355 445; x_wconf 81' lang='lat' dir='ltr'><strong>lucernis,</strong></span> <span class='ocrx_word' id='word_1_11' title='bbox 372 379 402 430; x_wconf 89' lang='lat' dir='ltr'><strong>ut</strong></span> <span class='ocrx_word' id='word_1_12' title='bbox 415 388 488 450; x_wconf 88' lang='lat' dir='ltr'><strong>pura</strong></span> <span class='ocrx_word' id='word_1_13' title='bbox 501 370 600 429; x_wconf 85' lang='lat' dir='ltr'><strong>luceat</strong></span> <span class='ocrx_word' id='word_1_14' title='bbox 614 347 726 426; x_wconf 84' lang='lat' dir='ltr'><strong>hamma</strong></span> <span class='ocrx_word' id='word_1_15' title='bbox 737 375 765 426; x_wconf 87' lang='lat' dir='ltr'><strong>et</strong></span> <span class='ocrx_word' id='word_1_16' title='bbox 779 373 812 424; x_wconf 89' lang='lat' dir='ltr'><strong>ut</strong></span> <span class='ocrx_word' id='word_1_17' title='bbox 821 366 964 426; x_wconf 85' lang='lat' dir='ltr'><strong>exstincte</strong></span> <span class='ocrx_word' id='word_1_18' title='bbox 976 365 1090 426; x_wconf 86' lang='lat' dir='ltr'><strong>demum</strong></span> 
     </span>
     <span class='ocr_line' id='line_1_3' title="bbox 90 447 1088 535; baseline -0.009 -16"><span class='ocrx_word' id='word_1_19' title='bbox 90 458 181 532; x_wconf 89' lang='lat' dir='ltr'><strong>oleat,</strong></span> <span class='ocrx_word' id='word_1_20' title='bbox 205 473 281 535; x_wconf 81' lang='lat' dir='ltr'><strong>quae</strong></span> <span class='ocrx_word' id='word_1_21' title='bbox 296 457 325 514; x_wconf 94' lang='lat' dir='ltr'><strong>in</strong></span> <span class='ocrx_word' id='word_1_22' title='bbox 340 455 438 514; x_wconf 83' lang='lat' dir='ltr'><strong>fucato</strong></span> <span class='ocrx_word' id='word_1_23' title='bbox 454 471 512 513; x_wconf 93' lang='lat' dir='ltr'><strong>non</strong></span> <span class='ocrx_word' id='word_1_24' title='bbox 526 453 671 512; x_wconf 83' lang='lat' dir='ltr'><strong>eveniunt.</strong></span> <span class='ocrx_word' id='word_1_25' title='bbox 706 449 872 510; x_wconf 71' lang='lat' dir='ltr'>accenditur</span> <span class='ocrx_word' id='word_1_26' title='bbox 887 447 1002 528; x_wconf 77' lang='grc' dir='ltr'>ιιιιοὶιιε</span> <span class='ocrx_word' id='word_1_27' title='bbox 1016 450 1088 510; x_wconf 83' lang='lat' dir='ltr'><strong>diiii</strong></span> 
     </span>
     <span class='ocr_line' id='line_1_4' title="bbox 92 533 1091 614; baseline -0.007 -13"><span class='ocrx_word' id='word_1_28' title='bbox 92 541 171 602; x_wconf 87' lang='lat' dir='ltr'><strong>cilius</strong></span> <span class='ocrx_word' id='word_1_29' title='bbox 185 549 215 599; x_wconf 91' lang='lat' dir='ltr'><strong>et</strong></span> <span class='ocrx_word' id='word_1_30' title='bbox 230 539 335 600; x_wconf 87' lang='lat' dir='ltr'><strong>erebro</strong></span> <span class='ocrx_word' id='word_1_31' title='bbox 352 540 552 614; x_wconf 78' lang='lat' dir='ltr'><strong>exstinguitur.</strong></span> <span class='ocrx_word' id='word_1_32' title='bbox 586 544 631 596; x_wconf 87' lang='lat' dir='ltr'><strong>est</strong></span> <span class='ocrx_word' id='word_1_33' title='bbox 648 535 755 594; x_wconf 84' lang='lat' dir='ltr'><strong>sinceri</strong></span> <span class='ocrx_word' id='word_1_34' title='bbox 771 533 999 612; x_wconf 84' lang='lat' dir='ltr'><strong>experimentum</strong></span> <span class='ocrx_word' id='word_1_35' title='bbox 1016 535 1070 592; x_wconf 91' lang='lat' dir='ltr'><strong>et</strong></span> <span class='ocrx_word' id='word_1_36' title='bbox 1062 553 1091 594; x_wconf 87' lang='lat' dir='ltr'><strong>nr</strong></span> 
     </span>
     <span class='ocr_line' id='line_1_5' title="bbox 91 615 1089 716; baseline -0.009 -30"><span class='ocrx_word' id='word_1_37' title='bbox 91 643 180 702; x_wconf 79' lang='lat' dir='ltr'><strong>aqua,</strong></span> <span class='ocrx_word' id='word_1_38' title='bbox 200 625 334 702; x_wconf 84' lang='lat' dir='ltr'><strong>quoniam</strong></span> <span class='ocrx_word' id='word_1_39' title='bbox 356 631 388 682; x_wconf 88' lang='lat' dir='ltr'><strong>ut</strong></span> <span class='ocrx_word' id='word_1_40' title='bbox 404 621 550 682; x_wconf 89' lang='lat' dir='ltr'><strong>nubecula</strong></span> <span class='ocrx_word' id='word_1_41' title='bbox 570 621 693 694; x_wconf 88' lang='lat' dir='ltr'><strong>innatat,</strong></span> <span class='ocrx_word' id='word_1_42' title='bbox 719 618 846 678; x_wconf 89' lang='lat' dir='ltr'><strong>lictum</strong></span> <span class='ocrx_word' id='word_1_43' title='bbox 837 635 867 677; x_wconf 88' lang='lat' dir='ltr'><strong>ru</strong></span> <span class='ocrx_word' id='word_1_44' title='bbox 887 615 1006 716; x_wconf 72' lang='lat' dir='ltr'><strong>pusulas</strong></span> <span class='ocrx_word' id='word_1_45' title='bbox 1021 619 1089 678; x_wconf 87' lang='lat' dir='ltr'><strong>coit.</strong></span> 
     </span>
     <span class='ocr_line' id='line_1_6' title="bbox 69 701 1092 780; baseline -0.009 -11"><span class='ocrx_word' id='word_1_46' title='bbox 69 709 141 769; x_wconf 79' lang='lat' dir='ltr'><strong>used</strong></span> <span class='ocrx_word' id='word_1_47' title='bbox 162 722 294 768; x_wconf 84' lang='lat' dir='ltr'><strong>maxume</strong></span> <span class='ocrx_word' id='word_1_48' title='bbox 314 707 415 767; x_wconf 79' lang='lat' dir='ltr'><strong>hairum</strong></span> <span class='ocrx_word' id='word_1_49' title='bbox 438 714 483 766; x_wconf 90' lang='lat' dir='ltr'><strong>est</strong></span> <span class='ocrx_word' id='word_1_50' title='bbox 499 706 612 766; x_wconf 87' lang='lat' dir='ltr'><strong>aestivo</strong></span> <span class='ocrx_word' id='word_1_51' title='bbox 633 703 698 762; x_wconf 88' lang='lat' dir='ltr'><strong>sole</strong></span> <span class='ocrx_word' id='word_1_52' title='bbox 720 701 909 780; x_wconf 82' lang='lat' dir='ltr'><strong>deprehendi.</strong></span> <span class='ocrx_word' id='word_1_53' title='bbox 949 702 1092 760; x_wconf 89' lang='lat' dir='ltr'><strong>sincerum</strong></span> 
     </span>
     <span class='ocr_line' id='line_1_7' title="bbox 92 784 1091 854; baseline -0.006 -4"><span class='ocrx_word' id='word_1_54' title='bbox 92 793 162 852; x_wconf 87' lang='lat' dir='ltr'><strong>enim</strong></span> <span class='ocrx_word' id='word_1_55' title='bbox 184 793 268 854; x_wconf 84' lang='lat' dir='ltr'><strong>sudat</strong></span> <span class='ocrx_word' id='word_1_56' title='bbox 289 799 367 850; x_wconf 89' lang='lat' dir='ltr'><strong>etse</strong></span> <span class='ocrx_word' id='word_1_57' title='bbox 389 790 477 850; x_wconf 87' lang='lat' dir='ltr'><strong>diluit</strong></span> <span class='ocrx_word' id='word_1_58' title='bbox 487 789 581 850; x_wconf 88' lang='lat' dir='ltr'><strong>donee</strong></span> <span class='ocrx_word' id='word_1_59' title='bbox 596 804 667 848; x_wconf 88' lang='lat' dir='ltr'><strong>suco</strong></span> <span class='ocrx_word' id='word_1_60' title='bbox 682 787 794 847; x_wconf 88' lang='lat' dir='ltr'><strong>receuti</strong></span> <span class='ocrx_word' id='word_1_61' title='bbox 807 785 902 848; x_wconf 89' lang='lat' dir='ltr'><strong>simile</strong></span> <span class='ocrx_word' id='word_1_62' title='bbox 919 785 977 845; x_wconf 89' lang='lat' dir='ltr'><strong>liat.</strong></span> <span class='ocrx_word' id='word_1_63' title='bbox 1008 784 1091 844; x_wconf 84' lang='lat' dir='ltr'><strong>blne-</strong></span> 
     </span>
     <span class='ocr_line' id='line_1_8' title="bbox 91 867 1093 972; baseline -0.007 -38"><span class='ocrx_word' id='word_1_64' title='bbox 91 875 166 935; x_wconf 88' lang='lat' dir='ltr'><strong>sides</strong></span> <span class='ocrx_word' id='word_1_65' title='bbox 185 885 301 954; x_wconf 79' lang='lat' dir='ltr'><strong>optume</strong></span> <span class='ocrx_word' id='word_1_66' title='bbox 325 875 438 935; x_wconf 87' lang='lat' dir='ltr'><strong>servari</strong></span> <span class='ocrx_word' id='word_1_67' title='bbox 460 881 540 953; x_wconf 92' lang='lat' dir='ltr'><strong>putat</strong></span> <span class='ocrx_word' id='word_1_68' title='bbox 564 867 734 972; x_wconf 74' lang='lat' dir='ltr'><strong>hyoscyami</strong></span> <span class='ocrx_word' id='word_1_69' title='bbox 755 871 865 932; x_wconf 88' lang='lat' dir='ltr'><strong>semine</strong></span> <span class='ocrx_word' id='word_1_70' title='bbox 887 870 1020 945; x_wconf 89' lang='lat' dir='ltr'><strong>adiecto,</strong></span> <span class='ocrx_word' id='word_1_71' title='bbox 1044 869 1093 928; x_wconf 94' lang='lat' dir='ltr'><strong>alii</strong></span> 
     </span>
     <span class='ocr_line' id='line_1_9' title="bbox 91 957 208 1019; baseline 0.009 -1"><span class='ocrx_word' id='word_1_72' title='bbox 91 957 208 1019; x_wconf 87' lang='lat' dir='ltr'><strong>infaba</strong></span> 
     </span>
     <span class='ocr_line' id='line_1_10' title="bbox 150 1037 1136 1122; baseline -0.002 -19.994"><span class='ocrx_word' id='word_1_73' title='bbox 150 1043 203 1102; x_wconf 82' lang='grc'><strong>·.19</strong></span> <span class='ocrx_word' id='word_1_74' title='bbox 226 1043 326 1122; x_wconf 96' lang='grc'>(77)</span> <span class='ocrx_word' id='word_1_75' title='bbox 322 1040 712 1104; x_wconf 82' lang='lat' dir='ltr'><strong>lutersativaetsilvestria</strong></span> <span class='ocrx_word' id='word_1_76' title='bbox 726 1037 966 1114; x_wconf 79' lang='lat' dir='ltr'><strong>mediumgenus,</strong></span> <span class='ocrx_word' id='word_1_77' title='bbox 983 1055 1072 1116; x_wconf 90' lang='lat' dir='ltr'><strong>qu-cn</strong></span> <span class='ocrx_word' id='word_1_78' title='bbox 1062 1047 1136 1100; x_wconf 79' lang='lat' dir='ltr'><strong>-aot</strong></span> 
     </span>
     <span class='ocr_line' id='line_1_11' title="bbox 57 1122 1134 1206; baseline -0.009 -20"><span class='ocrx_word' id='word_1_79' title='bbox 57 1127 191 1186; x_wconf 82' lang='lat' dir='ltr'><strong>miamin</strong></span> <span class='ocrx_word' id='word_1_80' title='bbox 217 1129 293 1186; x_wconf 87' lang='lat' dir='ltr'><strong>arvis</strong></span> <span class='ocrx_word' id='word_1_81' title='bbox 316 1127 370 1186; x_wconf 87' lang='lat' dir='ltr'><strong>sed</strong></span> <span class='ocrx_word' id='word_1_82' title='bbox 393 1135 500 1206; x_wconf 89' lang='lat' dir='ltr'><strong>sponte</strong></span> <span class='ocrx_word' id='word_1_83' title='bbox 525 1131 712 1198; x_wconf 86' lang='lat' dir='ltr'><strong>nasceretur,</strong></span> <span class='ocrx_word' id='word_1_84' title='bbox 735 1122 855 1182; x_wconf 87' lang='lat' dir='ltr'><strong>rhoeam</strong></span> <span class='ocrx_word' id='word_1_85' title='bbox 877 1122 1044 1182; x_wconf 79' lang='lat' dir='ltr'><strong>recusimus</strong></span> <span class='ocrx_word' id='word_1_86' title='bbox 1062 1139 1090 1180; x_wconf 82' lang='lat' dir='ltr'><strong>n,</strong></span> <span class='ocrx_word' id='word_1_87' title='bbox 1100 1140 1134 1175; x_wconf 80' lang='grc' dir='ltr'><strong>ιιι</strong></span> 
     </span>
     <span class='ocr_line' id='line_1_12' title="bbox 91 1205 1093 1306; baseline -0.006 -36"><span class='ocrx_word' id='word_1_88' title='bbox 91 1219 119 1270; x_wconf 90' lang='lat' dir='ltr'><strong>et</strong></span> <span class='ocrx_word' id='word_1_89' title='bbox 132 1211 294 1270; x_wconf 88' lang='lat' dir='ltr'><strong>erraticum.</strong></span> <span class='ocrx_word' id='word_1_90' title='bbox 326 1209 441 1289; x_wconf 90' lang='lat' dir='ltr'><strong>quidam</strong></span> <span class='ocrx_word' id='word_1_91' title='bbox 457 1211 487 1270; x_wconf 90' lang='lat' dir='ltr'><strong>id</strong></span> <span class='ocrx_word' id='word_1_92' title='bbox 502 1210 672 1306; x_wconf 83' lang='lat' dir='ltr'><strong>decerptum</strong></span> <span class='ocrx_word' id='word_1_93' title='bbox 686 1205 816 1306; x_wconf 85' lang='lat' dir='ltr'><strong>protinus</strong></span> <span class='ocrx_word' id='word_1_94' title='bbox 832 1223 896 1266; x_wconf 91' lang='lat' dir='ltr'><strong>cum</strong></span> <span class='ocrx_word' id='word_1_95' title='bbox 911 1213 974 1266; x_wconf 90' lang='lat' dir='ltr'><strong>toto</strong></span> <span class='ocrx_word' id='word_1_96' title='bbox 991 1205 1093 1280; x_wconf 73' lang='lat' dir='ltr'><strong>calyce</strong></span> 
     </span>
     <span class='ocr_line' id='line_1_13' title="bbox 89 1287 1093 1370; baseline -0.004 -18"><span class='ocrx_word' id='word_1_97' title='bbox 89 1293 231 1354; x_wconf 90' lang='lat' dir='ltr'><strong>mandunt.</strong></span> <span class='ocrx_word' id='word_1_98' title='bbox 260 1295 358 1354; x_wconf 82' lang='lat' dir='ltr'><strong>alvom</strong></span> <span class='ocrx_word' id='word_1_99' title='bbox 371 1296 511 1354; x_wconf 79' lang='lat' dir='ltr'><strong>exinanit.</strong></span> <span class='ocrx_word' id='word_1_100' title='bbox 540 1292 635 1370; x_wconf 87' lang='lat' dir='ltr'><strong>capita</strong></span> <span class='ocrx_word' id='word_1_101' title='bbox 651 1293 777 1370; x_wconf 84' lang='lat' dir='ltr'><strong>quinque</strong></span> <span class='ocrx_word' id='word_1_102' title='bbox 793 1287 939 1352; x_wconf 83' lang='lat' dir='ltr'><strong>decdcta</strong></span> <span class='ocrx_word' id='word_1_103' title='bbox 930 1308 960 1349; x_wconf 90' lang='grc' dir='ltr'><strong>ιι</strong></span> <span class='ocrx_word' id='word_1_104' title='bbox 974 1291 1032 1350; x_wconf 83' lang='lat' dir='ltr'><strong>vini</strong></span> <span class='ocrx_word' id='word_1_105' title='bbox 1044 1290 1093 1348; x_wconf 85' lang='lat' dir='ltr'><strong>tri·</strong></span> 
     </span>
     <span class='ocr_line' id='line_1_14' title="bbox 90 1376 690 1457; baseline -0.003 -20"><span class='ocrx_word' id='word_1_106' title='bbox 90 1377 142 1438; x_wconf 88' lang='lat' dir='ltr'><strong>bus</strong></span> <span class='ocrx_word' id='word_1_107' title='bbox 158 1378 280 1440; x_wconf 85' lang='lat' dir='ltr'><strong>heminis</strong></span> <span class='ocrx_word' id='word_1_108' title='bbox 299 1379 368 1457; x_wconf 87' lang='lat' dir='ltr'><strong>pota</strong></span> <span class='ocrx_word' id='word_1_109' title='bbox 386 1387 415 1438; x_wconf 89' lang='lat' dir='ltr'><strong>et</strong></span> <span class='ocrx_word' id='word_1_110' title='bbox 430 1394 561 1440; x_wconf 90' lang='lat' dir='ltr'><strong>somnum</strong></span> <span class='ocrx_word' id='word_1_111' title='bbox 573 1376 690 1435; x_wconf 85' lang='lat' dir='ltr'><strong>iaciunt.</strong></span> 
     </span>
     <span class='ocr_line' id='line_1_15' title="bbox 154 1457 1135 1556; baseline -0.004 -34"><span class='ocrx_word' id='word_1_112' title='bbox 154 1463 220 1539; x_wconf 86' lang='grc'><strong>(78.</strong></span> <span class='ocrx_word' id='word_1_113' title='bbox 223 1461 238 1538; x_wconf 94' lang='grc'>)</span> <span class='ocrx_word' id='word_1_114' title='bbox 258 1463 441 1522; x_wconf 84' lang='lat' dir='ltr'><strong>Silvestrium</strong></span> <span class='ocrx_word' id='word_1_115' title='bbox 455 1480 541 1522; x_wconf 90' lang='lat' dir='ltr'><strong>unum</strong></span> <span class='ocrx_word' id='word_1_116' title='bbox 556 1477 650 1538; x_wconf 83' lang='lat' dir='ltr'><strong>genus</strong></span> <span class='ocrx_word' id='word_1_117' title='bbox 663 1459 803 1519; x_wconf 85' lang='lat' dir='ltr'><strong>ceratitim</strong></span> <span class='ocrx_word' id='word_1_118' title='bbox 814 1467 933 1534; x_wconf 84' lang='lat' dir='ltr'><strong>vocant,</strong></span> <span class='ocrx_word' id='word_1_119' title='bbox 948 1457 1072 1556; x_wconf 78' lang='lat' dir='ltr'><strong>nigrum,</strong></span> <span class='ocrx_word' id='word_1_120' title='bbox 1084 1465 1135 1520; x_wconf 74' lang='lat'><strong>205</strong></span> 
     </span>
     <span class='ocr_line' id='line_1_16' title="bbox 57 1541 1091 1621; baseline -0.003 -18"><span class='ocrx_word' id='word_1_121' title='bbox 57 1563 81 1603; x_wconf 86' lang='grc' dir='ltr'><strong>ιι</strong></span> <span class='ocrx_word' id='word_1_122' title='bbox 93 1543 207 1604; x_wconf 87' lang='lat' dir='ltr'><strong>cubrtalr</strong></span> <span class='ocrx_word' id='word_1_123' title='bbox 230 1545 399 1621; x_wconf 85' lang='lat' dir='ltr'><strong>altitudine,</strong></span> <span class='ocrx_word' id='word_1_124' title='bbox 418 1546 517 1607; x_wconf 87' lang='lat' dir='ltr'><strong>radice</strong></span> <span class='ocrx_word' id='word_1_125' title='bbox 538 1561 638 1604; x_wconf 87' lang='lat' dir='ltr'><strong>crassa</strong></span> <span class='ocrx_word' id='word_1_126' title='bbox 663 1552 692 1602; x_wconf 86' lang='lat' dir='ltr'><strong>et</strong></span> <span class='ocrx_word' id='word_1_127' title='bbox 716 1544 876 1620; x_wconf 82' lang='lat' dir='ltr'><strong>corticcsa,</strong></span> <span class='ocrx_word' id='word_1_128' title='bbox 902 1541 1061 1617; x_wconf 77' lang='grc' dir='ltr'>οιιιιιιιο·</span> <span class='ocrx_word' id='word_1_129' title='bbox 1052 1559 1091 1600; x_wconf 90' lang='grc' dir='ltr'><strong>ιι-</strong></span> 
     </span>
     <span class='ocr_line' id='line_1_17' title="bbox 91 1626 1094 1704; baseline -0.004 -17"><span class='ocrx_word' id='word_1_130' title='bbox 91 1627 169 1688; x_wconf 82' lang='lat' dir='ltr'><strong>llexo</strong></span> <span class='ocrx_word' id='word_1_131' title='bbox 195 1637 226 1687; x_wconf 89' lang='lat' dir='ltr'><strong>ut</strong></span> <span class='ocrx_word' id='word_1_132' title='bbox 251 1629 410 1687; x_wconf 86' lang='lat' dir='ltr'><strong>corniculo.</strong></span> <span class='ocrx_word' id='word_1_133' title='bbox 448 1629 519 1688; x_wconf 84' lang='lat' dir='ltr'><strong>lolia</strong></span> <span class='ocrx_word' id='word_1_134' title='bbox 543 1629 654 1686; x_wconf 91' lang='lat' dir='ltr'><strong>minora</strong></span> <span class='ocrx_word' id='word_1_135' title='bbox 674 1635 704 1685; x_wconf 90' lang='lat' dir='ltr'><strong>et</strong></span> <span class='ocrx_word' id='word_1_136' title='bbox 725 1627 857 1685; x_wconf 72' lang='lat' dir='ltr'><strong>teneriora</strong></span> <span class='ocrx_word' id='word_1_137' title='bbox 878 1643 963 1704; x_wconf 86' lang='lat' dir='ltr'><strong>quam</strong></span> <span class='ocrx_word' id='word_1_138' title='bbox 988 1626 1094 1684; x_wconf 88' lang='lat' dir='ltr'><strong>ceteris</strong></span> 
     </span>
     <span class='ocr_line' id='line_1_18' title="bbox 92 1708 1094 1788; baseline -0.004 -18"><span class='ocrx_word' id='word_1_139' title='bbox 92 1709 285 1770; x_wconf 85' lang='lat' dir='ltr'><strong>silvestribus.</strong></span> <span class='ocrx_word' id='word_1_140' title='bbox 322 1727 422 1770; x_wconf 69' lang='lat' dir='ltr'><strong>minen</strong></span> <span class='ocrx_word' id='word_1_141' title='bbox 440 1712 517 1770; x_wconf 85' lang='lat' dir='ltr'><strong>exile</strong></span> <span class='ocrx_word' id='word_1_142' title='bbox 536 1711 740 1788; x_wconf 87' lang='lat' dir='ltr'><strong>tempestivom</strong></span> <span class='ocrx_word' id='word_1_143' title='bbox 762 1718 808 1769; x_wconf 88' lang='lat' dir='ltr'><strong>est</strong></span> <span class='ocrx_word' id='word_1_144' title='bbox 823 1709 982 1784; x_wconf 78' lang='lat' dir='ltr'><strong>messibus,</strong></span> <span class='ocrx_word' id='word_1_145' title='bbox 1000 1708 1094 1767; x_wconf 83' lang='lat' dir='ltr'><strong>alvom</strong></span> 
     </span>
     <span class='ocr_line' id='line_1_19' title="bbox 92 1793 1136 1874; baseline 0 -20"><span class='ocrx_word' id='word_1_146' title='bbox 92 1803 197 1874; x_wconf 77' lang='lat' dir='ltr'><strong>purgat</strong></span> <span class='ocrx_word' id='word_1_147' title='bbox 215 1793 329 1853; x_wconf 81' lang='lat' dir='ltr'><strong>dimidio</strong></span> <span class='ocrx_word' id='word_1_148' title='bbox 346 1794 500 1854; x_wconf 87' lang='lat' dir='ltr'><strong>acetabulo</strong></span> <span class='ocrx_word' id='word_1_149' title='bbox 515 1797 544 1854; x_wconf 92' lang='lat' dir='ltr'><strong>in</strong></span> <span class='ocrx_word' id='word_1_150' title='bbox 558 1793 662 1854; x_wconf 90' lang='lat' dir='ltr'><strong>mulso.</strong></span> <span class='ocrx_word' id='word_1_151' title='bbox 676 1813 678 1822; x_wconf 36' lang='grc' dir='ltr'>ι</span> <span class='ocrx_word' id='word_1_152' title='bbox 691 1793 761 1854; x_wconf 82' lang='lat' dir='ltr'><strong>lolia</strong></span> <span class='ocrx_word' id='word_1_153' title='bbox 778 1794 843 1852; x_wconf 91' lang='lat' dir='ltr'><strong>trita</strong></span> <span class='ocrx_word' id='word_1_154' title='bbox 862 1809 926 1851; x_wconf 91' lang='lat' dir='ltr'><strong>cum</strong></span> <span class='ocrx_word' id='word_1_155' title='bbox 945 1793 1012 1852; x_wconf 91' lang='lat' dir='ltr'><strong>olec</strong></span> <span class='ocrx_word' id='word_1_156' title='bbox 1029 1809 1072 1851; x_wconf 86' lang='lat' dir='ltr'><strong>ar·</strong></span> <span class='ocrx_word' id='word_1_157' title='bbox 1085 1799 1136 1854; x_wconf 76' lang='grc' dir='ltr'><strong>ιιι</strong></span> 
     </span>
     <span class='ocr_line' id='line_1_20' title="bbox 91 1877 1094 1958; baseline -0.006 -18"><span class='ocrx_word' id='word_1_158' title='bbox 91 1897 177 1956; x_wconf 83' lang='lat' dir='ltr'><strong>gama</strong></span> <span class='ocrx_word' id='word_1_159' title='bbox 197 1880 387 1938; x_wconf 86' lang='lat' dir='ltr'><strong>iumentorum</strong></span> <span class='ocrx_word' id='word_1_160' title='bbox 410 1889 521 1958; x_wconf 81' lang='lat' dir='ltr'><strong>sanant.</strong></span> <span class='ocrx_word' id='word_1_161' title='bbox 555 1878 639 1938; x_wconf 87' lang='lat' dir='ltr'><strong>radix</strong></span> <span class='ocrx_word' id='word_1_162' title='bbox 656 1877 802 1938; x_wconf 90' lang='lat' dir='ltr'><strong>acetabuli</strong></span> <span class='ocrx_word' id='word_1_163' title='bbox 816 1893 950 1936; x_wconf 89' lang='lat' dir='ltr'><strong>mensura</strong></span> <span class='ocrx_word' id='word_1_164' title='bbox 968 1886 1052 1937; x_wconf 91' lang='lat' dir='ltr'><strong>cocta</strong></span> <span class='ocrx_word' id='word_1_165' title='bbox 1066 1877 1094 1935; x_wconf 89' lang='lat' dir='ltr'><strong>in</strong></span> 
     </span>
     <span class='ocr_line' id='line_1_21' title="bbox 54 1955 1175 2038; baseline -0.007 -10"><span class='ocrx_word' id='word_1_166' title='bbox 54 1985 81 2027; x_wconf 81' lang='lat' dir='ltr'><strong>uo</strong></span> <span class='ocrx_word' id='word_1_167' title='bbox 94 1962 204 2023; x_wconf 81' lang='lat' dir='ltr'><strong>dnobus</strong></span> <span class='ocrx_word' id='word_1_168' title='bbox 220 1963 353 2026; x_wconf 83' lang='lat' dir='ltr'><strong>sextariis</strong></span> <span class='ocrx_word' id='word_1_169' title='bbox 368 1963 405 2022; x_wconf 92' lang='lat' dir='ltr'><strong>ad</strong></span> <span class='ocrx_word' id='word_1_170' title='bbox 420 1963 549 2023; x_wconf 90' lang='lat' dir='ltr'><strong>dimidias</strong></span> <span class='ocrx_word' id='word_1_171' title='bbox 564 1963 647 2038; x_wconf 81' lang='lat' dir='ltr'><strong>datur</strong></span> <span class='ocrx_word' id='word_1_172' title='bbox 663 1962 700 2022; x_wconf 92' lang='lat' dir='ltr'><strong>ad</strong></span> <span class='ocrx_word' id='word_1_173' title='bbox 713 1961 873 2022; x_wconf 90' lang='lat' dir='ltr'><strong>lumborum</strong></span> <span class='ocrx_word' id='word_1_174' title='bbox 888 1961 958 2020; x_wconf 84' lang='lat' dir='ltr'><strong>vitia</strong></span> <span class='ocrx_word' id='word_1_175' title='bbox 975 1968 1004 2020; x_wconf 92' lang='lat' dir='ltr'><strong>et</strong></span> <span class='ocrx_word' id='word_1_176' title='bbox 1023 1960 1093 2020; x_wconf 89' lang='lat' dir='ltr'><strong>ioci·</strong></span> <span class='ocrx_word' id='word_1_177' title='bbox 1120 1999 1121 2004; x_wconf 22' lang='grc' dir='ltr'><strong><em>κ</em></strong></span> <span class='ocrx_word' id='word_1_178' title='bbox 1169 1955 1175 1970; x_wconf 83' lang='grc'><em>’</em></span> 
     </span>
     <span class='ocr_line' id='line_1_22' title="bbox 91 2044 1094 2122; baseline -0.002 -16"><span class='ocrx_word' id='word_1_179' title='bbox 91 2048 180 2106; x_wconf 88' lang='lat' dir='ltr'><strong>neris.</strong></span> <span class='ocrx_word' id='word_1_180' title='bbox 213 2045 395 2111; x_wconf 77' lang='lat' dir='ltr'><strong>carbunculis</strong></span> <span class='ocrx_word' id='word_1_181' title='bbox 406 2047 562 2108; x_wconf 80' lang='lat' dir='ltr'><strong>&#39;metientur</strong></span> <span class='ocrx_word' id='word_1_182' title='bbox 575 2063 613 2104; x_wconf 84' lang='lat' dir='ltr'><strong>ex</strong></span> <span class='ocrx_word' id='word_1_183' title='bbox 630 2045 717 2106; x_wconf 91' lang='lat' dir='ltr'><strong>melle</strong></span> <span class='ocrx_word' id='word_1_184' title='bbox 732 2045 813 2106; x_wconf 82' lang='lat' dir='ltr'><strong>lolia.</strong></span> <span class='ocrx_word' id='word_1_185' title='bbox 842 2044 956 2122; x_wconf 90' lang='lat' dir='ltr'><strong>quidam</strong></span> <span class='ocrx_word' id='word_1_186' title='bbox 972 2045 1028 2104; x_wconf 91' lang='lat' dir='ltr'><strong>hcc</strong></span> <span class='ocrx_word' id='word_1_187' title='bbox 1044 2063 1094 2121; x_wconf 82' lang='lat' dir='ltr'><strong>ge·</strong></span> 
     </span>
     <span class='ocr_line' id='line_1_23' title="bbox 91 2125 1157 2208; baseline -0.001 -19"><span class='ocrx_word' id='word_1_188' title='bbox 91 2149 145 2189; x_wconf 91' lang='lat' dir='ltr'><strong>nus</strong></span> <span class='ocrx_word' id='word_1_189' title='bbox 161 2130 299 2207; x_wconf 79' lang='lat' dir='ltr'><strong>glaucion</strong></span> <span class='ocrx_word' id='word_1_190' title='bbox 315 2139 436 2206; x_wconf 84' lang='lat' dir='ltr'><strong>uocant,</strong></span> <span class='ocrx_word' id='word_1_191' title='bbox 460 2130 509 2191; x_wconf 89' lang='lat' dir='ltr'><strong>alii</strong></span> <span class='ocrx_word' id='word_1_192' title='bbox 526 2129 675 2208; x_wconf 86' lang='lat' dir='ltr'><strong>paralium.</strong></span> <span class='ocrx_word' id='word_1_193' title='bbox 710 2125 837 2193; x_wconf 81' lang='lat' dir='ltr'><strong>nascitm</strong></span> <span class='ocrx_word' id='word_1_194' title='bbox 852 2129 927 2188; x_wconf 90' lang='lat' dir='ltr'><strong>enim</strong></span> <span class='ocrx_word' id='word_1_195' title='bbox 946 2129 975 2188; x_wconf 93' lang='lat' dir='ltr'><strong>in</strong></span> <span class='ocrx_word' id='word_1_196' title='bbox 989 2129 1094 2190; x_wconf 85' lang='lat' dir='ltr'><strong>adflatu</strong></span> <span class='ocrx_word' id='word_1_197' title='bbox 1155 2140 1157 2148; x_wconf 81' lang='grc'><em>’</em></span> 
     </span>
     <span class='ocr_line' id='line_1_24' title="bbox 91 2214 746 2290; baseline -0.002 -16"><span class='ocrx_word' id='word_1_198' title='bbox 91 2216 178 2274; x_wconf 87' lang='lat' dir='ltr'><strong>maris</strong></span> <span class='ocrx_word' id='word_1_199' title='bbox 196 2222 244 2274; x_wconf 90' lang='lat' dir='ltr'><strong>aut</strong></span> <span class='ocrx_word' id='word_1_200' title='bbox 259 2216 369 2272; x_wconf 89' lang='lat' dir='ltr'><strong>nitroso</strong></span> <span class='ocrx_word' id='word_1_201' title='bbox 387 2214 464 2277; x_wconf 88' lang='lat' dir='ltr'><strong>loeo.</strong></span> <span class='ocrx_word' id='word_1_202' title='bbox 743 2285 746 2290; x_wconf 25' lang='grc'>1</span> 
     </span>
     <span class='ocr_line' id='line_1_25' title="bbox 154 2295 1135 2380; baseline 0.002 -21"><span class='ocrx_word' id='word_1_203' title='bbox 154 2299 240 2378; x_wconf 86' lang='grc'>(79.)</span> <span class='ocrx_word' id='word_1_204' title='bbox 271 2297 407 2358; x_wconf 82' lang='lat' dir='ltr'><strong>Alterum</strong></span> <span class='ocrx_word' id='word_1_205' title='bbox 425 2317 441 2357; x_wconf 91' lang='lat' dir='ltr'><strong>e</strong></span> <span class='ocrx_word' id='word_1_206' title='bbox 460 2296 645 2359; x_wconf 85' lang='lat' dir='ltr'><strong>silvestribus</strong></span> <span class='ocrx_word' id='word_1_207' title='bbox 660 2314 755 2380; x_wconf 80' lang='lat' dir='ltr'><strong>genus</strong></span> <span class='ocrx_word' id='word_1_208' title='bbox 769 2295 927 2357; x_wconf 91' lang='lat' dir='ltr'><strong>heraclium</strong></span> <span class='ocrx_word' id='word_1_209' title='bbox 941 2303 1072 2370; x_wconf 86' lang='lat' dir='ltr'><strong>vocatur,</strong></span> <span class='ocrx_word' id='word_1_210' title='bbox 1084 2305 1135 2361; x_wconf 74' lang='lat' dir='ltr'><strong>dol</strong></span> 
     </span>
     <span class='ocr_line' id='line_1_26' title="bbox 52 2381 1093 2460; baseline -0.007 -17"><span class='ocrx_word' id='word_1_211' title='bbox 52 2404 79 2443; x_wconf 80' lang='grc' dir='ltr'><strong>ιι</strong></span> <span class='ocrx_word' id='word_1_212' title='bbox 91 2381 128 2442; x_wconf 87' lang='lat' dir='ltr'><strong>ab</strong></span> <span class='ocrx_word' id='word_1_213' title='bbox 150 2382 214 2442; x_wconf 89' lang='lat' dir='ltr'><strong>aliis</strong></span> <span class='ocrx_word' id='word_1_214' title='bbox 229 2382 358 2460; x_wconf 85' lang='lat' dir='ltr'><strong>ephron,</strong></span> <span class='ocrx_word' id='word_1_215' title='bbox 379 2381 474 2456; x_wconf 86' lang='lat' dir='ltr'><strong>loliis,</strong></span> <span class='ocrx_word' id='word_1_216' title='bbox 496 2384 522 2440; x_wconf 86' lang='lat' dir='ltr'><strong>ai</strong></span> <span class='ocrx_word' id='word_1_217' title='bbox 536 2381 638 2460; x_wconf 91' lang='lat' dir='ltr'><strong>procul</strong></span> <span class='ocrx_word' id='word_1_218' title='bbox 654 2381 807 2456; x_wconf 83' lang='lat' dir='ltr'><strong>intuearis,</strong></span> <span class='ocrx_word' id='word_1_219' title='bbox 829 2382 978 2459; x_wconf 89' lang='lat' dir='ltr'><strong>speeimen</strong></span> <span class='ocrx_word' id='word_1_220' title='bbox 995 2395 1093 2457; x_wconf 80' lang='lat' dir='ltr'><strong>passe·</strong></span> 
     </span>
     <span class='ocr_line' id='line_1_27' title="bbox 91 2464 1093 2560; baseline -0.004 -36"><span class='ocrx_word' id='word_1_221' title='bbox 91 2483 156 2524; x_wconf 92' lang='lat' dir='ltr'><strong>rum</strong></span> <span class='ocrx_word' id='word_1_222' title='bbox 171 2465 394 2543; x_wconf 75' lang='lat' dir='ltr'><strong>praebentibus,</strong></span> <span class='ocrx_word' id='word_1_223' title='bbox 411 2466 510 2526; x_wconf 85' lang='lat' dir='ltr'><strong>radice</strong></span> <span class='ocrx_word' id='word_1_224' title='bbox 524 2466 552 2524; x_wconf 96' lang='lat' dir='ltr'><strong>in</strong></span> <span class='ocrx_word' id='word_1_225' title='bbox 568 2482 675 2526; x_wconf 89' lang='lat' dir='ltr'><strong>summa</strong></span> <span class='ocrx_word' id='word_1_226' title='bbox 688 2473 787 2524; x_wconf 87' lang='lat' dir='ltr'><strong>terrac</strong></span> <span class='ocrx_word' id='word_1_227' title='bbox 803 2473 885 2539; x_wconf 91' lang='lat' dir='ltr'><strong>cute,</strong></span> <span class='ocrx_word' id='word_1_228' title='bbox 902 2464 1011 2524; x_wconf 90' lang='lat' dir='ltr'><strong>semiue</strong></span> <span class='ocrx_word' id='word_1_229' title='bbox 1027 2481 1093 2560; x_wconf 80' lang='lat' dir='ltr'><strong>spu-</strong></span> 
     </span>
     <span class='ocr_line' id='line_1_28' title="bbox 91 2547 1188 2628; baseline 0.002 -22"><span class='ocrx_word' id='word_1_230' title='bbox 91 2565 170 2607; x_wconf 89' lang='lat' dir='ltr'><strong>meo.</strong></span> <span class='ocrx_word' id='word_1_231' title='bbox 210 2567 247 2607; x_wconf 86' lang='lat' dir='ltr'><strong>ex</strong></span> <span class='ocrx_word' id='word_1_232' title='bbox 267 2550 324 2610; x_wconf 91' lang='lat' dir='ltr'><strong>hcc</strong></span> <span class='ocrx_word' id='word_1_233' title='bbox 346 2550 403 2609; x_wconf 89' lang='lat' dir='ltr'><strong>lina</strong></span> <span class='ocrx_word' id='word_1_234' title='bbox 425 2549 612 2628; x_wconf 87' lang='lat' dir='ltr'><strong>splendorem</strong></span> <span class='ocrx_word' id='word_1_235' title='bbox 632 2548 746 2609; x_wconf 89' lang='lat' dir='ltr'><strong>trahunt</strong></span> <span class='ocrx_word' id='word_1_236' title='bbox 767 2557 890 2609; x_wconf 85' lang='lat' dir='ltr'><strong>aestate.</strong></span> <span class='ocrx_word' id='word_1_237' title='bbox 928 2547 1075 2622; x_wconf 76' lang='lat' dir='ltr'><strong>tunditur</strong></span> <span class='ocrx_word' id='word_1_238' title='bbox 1066 2563 1095 2606; x_wconf 88' lang='grc' dir='ltr'><strong>ιι</strong></span> <span class='ocrx_word' id='word_1_239' title='bbox 1184 2603 1188 2608; x_wconf 91' lang='grc'><em>,</em></span> 
     </span>
     <span class='ocr_line' id='line_1_29' title="bbox 93 2628 1094 2730; baseline 0 -39"><span class='ocrx_word' id='word_1_240' title='bbox 93 2631 153 2730; x_wconf 82' lang='lat' dir='ltr'><strong>pila</strong></span> <span class='ocrx_word' id='word_1_241' title='bbox 170 2633 360 2694; x_wconf 89' lang='lat' dir='ltr'><strong>comitialibus</strong></span> <span class='ocrx_word' id='word_1_242' title='bbox 375 2628 484 2694; x_wconf 83' lang='lat' dir='ltr'><strong>morbis</strong></span> <span class='ocrx_word' id='word_1_243' title='bbox 505 2633 649 2694; x_wconf 85' lang='lat' dir='ltr'><strong>acetabuli</strong></span> <span class='ocrx_word' id='word_1_244' title='bbox 664 2650 797 2692; x_wconf 86' lang='lat' dir='ltr'><strong>mensura</strong></span> <span class='ocrx_word' id='word_1_245' title='bbox 814 2634 842 2692; x_wconf 94' lang='lat' dir='ltr'><strong>in</strong></span> <span class='ocrx_word' id='word_1_246' title='bbox 857 2634 924 2692; x_wconf 79' lang='lat' dir='ltr'><strong>vino</strong></span> <span class='ocrx_word' id='word_1_247' title='bbox 940 2631 1024 2707; x_wconf 84' lang='lat' dir='ltr'><strong>albo,</strong></span> <span class='ocrx_word' id='word_1_248' title='bbox 1043 2647 1094 2690; x_wconf 86' lang='lat' dir='ltr'><strong>vo·</strong></span> 
     </span>
     <span class='ocr_line' id='line_1_30' title="bbox 90 2716 1094 2794; baseline 0.001 -20"><span class='ocrx_word' id='word_1_249' title='bbox 90 2717 241 2776; x_wconf 89' lang='lat' dir='ltr'><strong>mitionem</strong></span> <span class='ocrx_word' id='word_1_250' title='bbox 263 2719 338 2776; x_wconf 88' lang='lat' dir='ltr'><strong>cuim</strong></span> <span class='ocrx_word' id='word_1_251' title='bbox 359 2718 445 2792; x_wconf 87' lang='lat' dir='ltr'><strong>lacit,</strong></span> <span class='ocrx_word' id='word_1_252' title='bbox 468 2716 677 2776; x_wconf 88' lang='lat' dir='ltr'><strong>medicamento</strong></span> <span class='ocrx_word' id='word_1_253' title='bbox 699 2716 777 2794; x_wconf 86' lang='lat' dir='ltr'><strong>quod</strong></span> <span class='ocrx_word' id='word_1_254' title='bbox 797 2717 951 2778; x_wconf 90' lang='lat' dir='ltr'><strong>diacodion</strong></span> <span class='ocrx_word' id='word_1_255' title='bbox 970 2725 1000 2776; x_wconf 88' lang='lat' dir='ltr'><strong>et</strong></span> <span class='ocrx_word' id='word_1_256' title='bbox 1019 2724 1094 2776; x_wconf 89' lang='lat' dir='ltr'><strong>arte·</strong></span> 
     </span>
     <span class='ocr_line' id='line_1_31' title="bbox 9 2800 1138 2878; baseline 0 -16"><span class='ocrx_word' id='word_1_257' title='bbox 9 2831 15 2848; x_wconf 78' lang='lat'><em>=</em></span> <span class='ocrx_word' id='word_1_258' title='bbox 51 2800 176 2862; x_wconf 83' lang='lat' dir='ltr'><strong>aoriace</strong></span> <span class='ocrx_word' id='word_1_259' title='bbox 198 2807 320 2860; x_wconf 87' lang='lat' dir='ltr'><strong>vocatur</strong></span> <span class='ocrx_word' id='word_1_260' title='bbox 339 2801 529 2860; x_wconf 86' lang='lat' dir='ltr'><strong>utilissimum.</strong></span> <span class='ocrx_word' id='word_1_261' title='bbox 572 2800 604 2859; x_wconf 90' lang='lat' dir='ltr'><strong>lit</strong></span> <span class='ocrx_word' id='word_1_262' title='bbox 625 2808 720 2859; x_wconf 90' lang='lat' dir='ltr'><strong>autem</strong></span> <span class='ocrx_word' id='word_1_263' title='bbox 742 2800 824 2859; x_wconf 87' lang='lat' dir='ltr'><strong>huius</strong></span> <span class='ocrx_word' id='word_1_264' title='bbox 850 2802 1005 2878; x_wconf 79' lang='lat' dir='ltr'><strong>papaveris</strong></span> <span class='ocrx_word' id='word_1_265' title='bbox 1028 2805 1138 2862; x_wconf 65' lang='lat' dir='ltr'><strong>autho&amp;</strong></span> 
     </span>
     <span class='ocr_line' id='line_1_32' title="bbox 93 2874 1095 2963; baseline -0.003 -20"><span class='ocrx_word' id='word_1_266' title='bbox 93 2885 302 2961; x_wconf 89' lang='lat' dir='ltr'><strong>cuiuscumque</strong></span> <span class='ocrx_word' id='word_1_267' title='bbox 318 2884 461 2945; x_wconf 82' lang='lat' dir='ltr'><strong>silvestris</strong></span> <span class='ocrx_word' id='word_1_268' title='bbox 476 2874 618 2963; x_wconf 84' lang='lat' dir='ltr'><strong>capitibus</strong></span> <span class='ocrx_word' id='word_1_269' title='bbox 633 2897 702 2944; x_wconf 86' lang='lat' dir='ltr'><strong>cxx</strong></span> <span class='ocrx_word' id='word_1_270' title='bbox 716 2883 745 2941; x_wconf 95' lang='lat' dir='ltr'><strong>in</strong></span> <span class='ocrx_word' id='word_1_271' title='bbox 759 2899 852 2961; x_wconf 88' lang='lat' dir='ltr'><strong>aquae</strong></span> <span class='ocrx_word' id='word_1_272' title='bbox 874 2883 1009 2942; x_wconf 88' lang='lat' dir='ltr'><strong>caelestis</strong></span> <span class='ocrx_word' id='word_1_273' title='bbox 1030 2899 1095 2942; x_wconf 90' lang='lat' dir='ltr'><strong>sex·</strong></span> 
     </span>
     <span class='ocr_line' id='line_1_33' title="bbox 91 2965 1095 3046; baseline -0.002 -20"><span class='ocrx_word' id='word_1_274' title='bbox 91 2967 175 3026; x_wconf 86' lang='lat' dir='ltr'><strong>tariis</strong></span> <span class='ocrx_word' id='word_1_275' title='bbox 197 2966 289 3027; x_wconf 89' lang='lat' dir='ltr'><strong>tribus</strong></span> <span class='ocrx_word' id='word_1_276' title='bbox 310 2966 397 3027; x_wconf 87' lang='lat' dir='ltr'><strong>biduo</strong></span> <span class='ocrx_word' id='word_1_277' title='bbox 419 2969 571 3029; x_wconf 87' lang='lat' dir='ltr'><strong>maceratis</strong></span> <span class='ocrx_word' id='word_1_278' title='bbox 591 2968 620 3026; x_wconf 94' lang='lat' dir='ltr'><strong>in</strong></span> <span class='ocrx_word' id='word_1_279' title='bbox 642 2967 800 3046; x_wconf 82' lang='lat' dir='ltr'><strong>eademque</strong></span> <span class='ocrx_word' id='word_1_280' title='bbox 821 2966 976 3040; x_wconf 82' lang='lat' dir='ltr'><strong>discoctis,</strong></span> <span class='ocrx_word' id='word_1_281' title='bbox 993 2965 1095 3026; x_wconf 88' lang='lat' dir='ltr'><strong>deinde</strong></span> 
     </span>
     <span class='ocr_line' id='line_1_34' title="bbox 94 3047 1095 3130; baseline -0.002 -20"><span class='ocrx_word' id='word_1_282' title='bbox 94 3051 208 3112; x_wconf 87' lang='lat' dir='ltr'><strong>siccato</strong></span> <span class='ocrx_word' id='word_1_283' title='bbox 235 3052 394 3130; x_wconf 87' lang='lat' dir='ltr'><strong>iterumque</strong></span> <span class='ocrx_word' id='word_1_284' title='bbox 426 3070 488 3112; x_wconf 90' lang='lat' dir='ltr'><strong>cum</strong></span> <span class='ocrx_word' id='word_1_285' title='bbox 517 3051 606 3112; x_wconf 88' lang='lat' dir='ltr'><strong>melle</strong></span> <span class='ocrx_word' id='word_1_286' title='bbox 634 3047 756 3112; x_wconf 82' lang='lat' dir='ltr'><strong>decocto</strong></span> <span class='ocrx_word' id='word_1_287' title='bbox 784 3051 821 3111; x_wconf 92' lang='lat' dir='ltr'><strong>ad</strong></span> <span class='ocrx_word' id='word_1_288' title='bbox 849 3050 976 3111; x_wconf 81' lang='lat' dir='ltr'><strong>dimidias</strong></span> <span class='ocrx_word' id='word_1_289' title='bbox 1006 3051 1095 3127; x_wconf 89' lang='lat' dir='ltr'><strong>partis</strong></span> 
     </span>
     <span class='ocr_line' id='line_1_35' title="bbox 91 3133 1151 3215; baseline 0 -22"><span class='ocrx_word' id='word_1_290' title='bbox 91 3136 312 3212; x_wconf 70' lang='lat' dir='ltr'><strong>vaporeetenui.</strong></span> <span class='ocrx_word' id='word_1_291' title='bbox 342 3133 480 3196; x_wconf 86' lang='lat' dir='ltr'><strong>addidere</strong></span> <span class='ocrx_word' id='word_1_292' title='bbox 498 3145 603 3215; x_wconf 89' lang='lat' dir='ltr'><strong>postea</strong></span> <span class='ocrx_word' id='word_1_293' title='bbox 618 3136 767 3196; x_wconf 84' lang='lat' dir='ltr'><strong>drachmas</strong></span> <span class='ocrx_word' id='word_1_294' title='bbox 785 3152 869 3196; x_wconf 86' lang='lat' dir='ltr'><strong>senas</strong></span> <span class='ocrx_word' id='word_1_295' title='bbox 886 3135 982 3211; x_wconf 86' lang='lat' dir='ltr'><strong>croci,</strong></span> <span class='ocrx_word' id='word_1_296' title='bbox 1001 3133 1094 3212; x_wconf 76' lang='lat' dir='ltr'><strong>hypo·</strong></span> <span class='ocrx_word' id='word_1_297' title='bbox 1147 3145 1151 3156; x_wconf 64' lang='lat'>‘</span> 
     </span>
     <span class='ocr_line' id='line_1_36' title="bbox 53 3218 1177 3299; baseline 0.001 -23"><span class='ocrx_word' id='word_1_298' title='bbox 53 3218 244 3294; x_wconf 82' lang='lat' dir='ltr'><strong>eucisthidis,</strong></span> <span class='ocrx_word' id='word_1_299' title='bbox 271 3222 358 3295; x_wconf 83' lang='lat' dir='ltr'><strong>haris,</strong></span> <span class='ocrx_word' id='word_1_300' title='bbox 388 3221 506 3280; x_wconf 84' lang='lat' dir='ltr'><strong>acaciae</strong></span> <span class='ocrx_word' id='word_1_301' title='bbox 529 3229 559 3280; x_wconf 91' lang='lat' dir='ltr'><strong>et</strong></span> <span class='ocrx_word' id='word_1_302' title='bbox 584 3221 662 3299; x_wconf 87' lang='lat' dir='ltr'><strong>passi</strong></span> <span class='ocrx_word' id='word_1_303' title='bbox 686 3218 797 3280; x_wconf 74' lang='lat' dir='ltr'><strong>Uestini</strong></span> <span class='ocrx_word' id='word_1_304' title='bbox 820 3221 985 3280; x_wconf 84' lang='lat' dir='ltr'><strong>sextarium.</strong></span> <span class='ocrx_word' id='word_1_305' title='bbox 1021 3218 1095 3283; x_wconf 89' lang='lat' dir='ltr'><strong>baec</strong></span> <span class='ocrx_word' id='word_1_306' title='bbox 1174 3231 1177 3241; x_wconf 89' lang='grc'><strong>’</strong></span> 
     </span>
     <span class='ocr_line' id='line_1_37' title="bbox 43 3303 1093 3383; baseline 0.002 -21.099"><span class='ocrx_word' id='word_1_307' title='bbox 43 3304 309 3378; x_wconf 87' lang='lat' dir='ltr'><strong>ostentatione,</strong></span> <span class='ocrx_word' id='word_1_308' title='bbox 315 3304 455 3382; x_wconf 85' lang='lat' dir='ltr'><strong>simplex</strong></span> <span class='ocrx_word' id='word_1_309' title='bbox 471 3305 585 3380; x_wconf 82' lang='lat' dir='ltr'><strong>quidem</strong></span> <span class='ocrx_word' id='word_1_310' title='bbox 600 3305 757 3383; x_wconf 91' lang='lat' dir='ltr'><strong>etantiqua</strong></span> <span class='ocrx_word' id='word_1_311' title='bbox 772 3303 822 3364; x_wconf 93' lang='lat' dir='ltr'><strong>illa</strong></span> <span class='ocrx_word' id='word_1_312' title='bbox 838 3303 990 3364; x_wconf 84' lang='lat' dir='ltr'><strong>salubritas</strong></span> <span class='ocrx_word' id='word_1_313' title='bbox 1006 3319 1093 3382; x_wconf 89' lang='lat' dir='ltr'><strong>papa·</strong></span> 
     </span>
     <span class='ocr_line' id='line_1_38' title="bbox 93 3386 457 3448; baseline 0.008 -5"><span class='ocrx_word' id='word_1_314' title='bbox 93 3403 168 3446; x_wconf 83' lang='lat' dir='ltr'><strong>vere</strong></span> <span class='ocrx_word' id='word_1_315' title='bbox 188 3395 218 3446; x_wconf 90' lang='lat' dir='ltr'><strong>et</strong></span> <span class='ocrx_word' id='word_1_316' title='bbox 232 3386 319 3446; x_wconf 90' lang='lat' dir='ltr'><strong>melle</strong></span> <span class='ocrx_word' id='word_1_317' title='bbox 335 3396 457 3448; x_wconf 85' lang='lat' dir='ltr'><strong>constat</strong></span> 
     </span>
     <span class='ocr_line' id='line_1_39' title="bbox 160 3431 1136 3558; baseline 0.003 -26"><span class='ocrx_word' id='word_1_318' title='bbox 160 3468 245 3550; x_wconf 85' lang='lat'><strong>(80.)</strong></span> <span class='ocrx_word' id='word_1_319' title='bbox 268 3469 394 3558; x_wconf 77' lang='lat' dir='ltr'><strong>Tertium</strong></span> <span class='ocrx_word' id='word_1_320' title='bbox 409 3489 501 3549; x_wconf 77' lang='lat' dir='ltr'><strong>genus</strong></span> <span class='ocrx_word' id='word_1_321' title='bbox 514 3480 558 3531; x_wconf 91' lang='lat' dir='ltr'><strong>est</strong></span> <span class='ocrx_word' id='word_1_322' title='bbox 570 3431 809 3548; x_wconf 76' lang='lat' dir='ltr'><strong>tithymalon,-</strong></span> <span class='ocrx_word' id='word_1_323' title='bbox 823 3488 943 3533; x_wconf 86' lang='lat' dir='ltr'><strong>mecona</strong></span> <span class='ocrx_word' id='word_1_324' title='bbox 955 3482 1071 3549; x_wconf 86' lang='lat' dir='ltr'><strong>vocant,</strong></span> <span class='ocrx_word' id='word_1_325' title='bbox 1081 3479 1136 3535; x_wconf 76' lang='grc' dir='ltr'><strong>ιιι</strong></span> 
     </span>
    </p>
   </div>
   <div class='ocr_carea' id='block_1_3' title="bbox 0 0 1274 3864">
    <p class='ocr_par' dir='ltr' id='par_1_3' title="bbox 0 0 1274 3864">
     <span class='ocr_line' id='line_1_40' title="bbox 0 0 1274 3864; baseline 0 0"><span class='ocrx_word' id='word_1_326' title='bbox 0 0 1274 3864; x_wconf 95' lang='lat' dir='ltr'><strong> </strong></span> 
     </span>
    </p>
   </div>
  </div>
 </body>
</html>
