2552 3866
180 180 239 242 158
413 197 415 201 ’
530 187 562 235 c.
579 188 675 234 norm
692 187 840 235 snoounr

97 368 101 378 ·
176 349 284 424 lanugo
296 354 388 404 netur.
413 360 468 403 neo
480 342 538 402 ulla
556 351 621 402 sunt
638 360 700 402 cnm
717 342 843 403 candore
860 341 992 403 molliora
1010 344 1181 422 periurare.

136 444 168 497 15
176 441 275 492 vestes
283 429 351 493 indo
362 427 563 486 sacerdotibus
575 425 703 505 Aegypti
719 427 909 503 gratissimae.
942 437 1071 506 quartum
1088 443 1183 504 genus

177 516 341 576 othoninum
352 511 510 590 appellant.
539 512 570 570 tit
588 528 605 568 e
626 510 745 587 palustri
764 511 843 571 velut
854 510 1027 588 harundine,
1040 511 1184 570 dumtaxat

177 599 310 679 panicula
327 597 398 656 cius.
429 596 500 655 Asia
518 611 535 652 e
553 594 666 669 genista
679 593 749 654 iacit
767 595 824 655 lina
842 595 877 656 ad
895 597 969 656 retia
985 596 1142 675 praecipue
1155 596 1183 652 in

178 682 316 762 piscando
329 679 467 756 durantis,
479 678 583 737 frutice
593 675 756 736 madefacto
772 678 873 738 decem
887 678 1003 757 diebus,
1020 677 1208 756 Aethiopess
1266 701 1267 758 p

139 787 167 830 tt,
179 786 202 820 ss
216 767 335 846 Indique
348 777 365 824 c
376 763 468 838 malis,
480 760 593 822 Arabos
606 759 762 820 cucurbitis
777 763 806 821 in
820 761 989 841 arboribus,
1008 773 1038 822 nt
1054 763 1182 838 diximus,
1266 771 1267 810 t

199 853 293 914 enitis.
780 869 782 874 ’
1138 891 1140 896 -

135 875 198 1005 16g
238 933 300 1014 (3.)
320 929 406 1008 Apud
418 945 473 988 nos
483 927 629 987 maturitas
641 929 702 988 eius
718 926 829 988 duobus
845 933 1022 1006 argumentis
1039 929 1182 1006 intellegi·

176 1032 231 1095 tur,
245 1021 449 1078 intumescente
462 1012 569 1070 semine
581 1020 629 1072 aut
641 1011 742 1072 colore
754 1012 954 1074 flavescente·
974 1023 1032 1074 tum
1052 1013 1183 1074 evolsum

177 1115 206 1166 et
217 1107 246 1163 in
262 1095 418 1160 fasciculos
434 1095 573 1156 manualis
588 1096 763 1173 conligatum
781 1098 954 1159 siccatorio
972 1099 1035 1158 sole
1054 1096 1184 1176 pendens
1194 1111 1218 1152 so
1267 1117 1268 1122 ¹

178 1182 327 1248 conversis
344 1196 469 1256 superne
485 1178 629 1240 radicibus
646 1198 703 1241 nno
721 1181 784 1257 die,
800 1198 869 1240 mox
888 1184 1014 1261 quinque
1032 1182 1095 1241 aliis
1115 1197 1183 1248 conr

175 1266 315 1332 trariis'in
332 1281 365 1324 se
381 1262 501 1322 fascium
518 1263 726 1340 cacuminibus,
746 1273 776 1322 ut
790 1282 889 1322 semen
907 1269 935 1325 in
951 1266 1073 1325 medium
1090 1263 1184 1324 cadat.

175 1357 249 1414 inter
260 1345 447 1414 medicamina
461 1345 527 1405 buic
545 1347 589 1406 vis
608 1354 636 1404 et
652 1347 681 1405 in
704 1343 827 1424 quodam
846 1349 955 1420 rustico
978 1367 1013 1408 ac
1036 1347 1185 1426 praedulci

175 1435 275 1496 ltaliae
290 1428 501 1508 transpadanae
520 1427 603 1504 cibo,
625 1428 678 1487 sed
699 1430 879 1508 iampridem
901 1426 1051 1490 sacrorum
1076 1439 1184 1492 tantum

132 1521 276 1598 ltgratia.
303 1513 406 1575 deinde
423 1522 491 1592 post
501 1529 624 1576 messem
640 1512 778 1573 triticeam
797 1515 898 1590 virgae
915 1514 997 1592 ipsae
1016 1522 1184 1589 merguntur
1197 1533 1223 1574 ra

150 1651 155 1658 .
175 1607 318 1680 inaquam
330 1597 441 1658 solibus
453 1597 640 1677 tepefactam,
654 1595 783 1674 pondere
802 1597 899 1675 aliquo
919 1595 1095 1675 depressae,
1113 1596 1186 1656 nulli
1268 1611 1269 1618 ¹

177 1690 252 1749 enim
263 1685 366 1762 levitas
381 1683 482 1742 maior.
512 1689 672 1741 maceratas
687 1680 792 1741 indicio
809 1690 855 1740 est
870 1681 1035 1741 membrana
1050 1681 1185 1758 laxatior,

177 1775 336 1847 iterumque
355 1769 490 1826 inversae
509 1774 539 1826 ut
558 1766 636 1843 prius
647 1763 711 1824 sole
732 1765 892 1842 siccantur,
909 1782 979 1825 mox
996 1765 1143 1826 arefactae
1157 1765 1186 1823 in

178 1874 248 1917 saxo
262 1851 414 1917 tunduntur
431 1850 578 1928 stuppario
591 1848 706 1908 malleo.
729 1849 806 1927 quod
825 1866 997 1928 proxumum
1011 1849 1113 1910 cortici
1124 1848 1184 1925 luit,

177 1950 282 2017 stuppa
299 1933 478 2013 appellatur,
497 1933 648 1992 deterioris
669 1932 734 2009 lini,
752 1933 933 1994 lucernarum
953 1934 1017 1998 lero
1033 1931 1184 1992 luminibus
1193 1947 1221 1990 ao
1269 1939 1270 1948 ¹

177 2022 280 2100 aptior.
300 2026 329 2079 et
340 2019 403 2095 ipsa
416 2025 510 2076 tamen
521 2018 646 2094 pectitur
656 2017 762 2075 ferreis
773 2017 873 2092 barnis,
888 2016 981 2077 donec
995 2018 1086 2076 omnis
1096 2034 1183 2081 menr-

136 2096 1183 2176 1sbranadeoorticetur.medullaenumerosiordisstnottocandorsmot-

178 2189 247 2249 litia.
270 2186 397 2246 cortices
409 2201 524 2263 qnoque
536 2183 651 2244 decussi
663 2183 782 2248 clibanis
795 2193 824 2242 et
836 2184 927 2243 inrnis
942 2183 1083 2263 praebent
1093 2200 1183 2243 usum.
1269 2251 1270 2256 η

178 2291 225 2332 ars
237 2268 411 2349 depectendi
422 2267 628 2345 digerendique
639 2301 682 2312 -
692 2269 793 2326 iustum
805 2286 822 2327 o
836 2269 1047 2347 quinquagenis
1062 2267 1183 2328 fascium

178 2356 259 2418 libris
270 2355 371 2432 quinas
388 2351 476 2412 denas
495 2352 643 2411 carminari
656 2385 713 2425 -,
741 2351 885 2430 linumque
903 2368 974 2410 nere
995 2360 1025 2410 et
1043 2353 1116 2412 viris
1133 2349 1181 2410 de·
1192 2365 1220 2407 as

180 2457 278 2500 corum
290 2445 343 2495 est.
365 2437 466 2494 iterum
480 2433 584 2494 deinde
598 2433 813 2512 inlilopolitur,
823 2435 937 2495 inlisum
948 2434 1054 2495 crebro
1063 2435 1139 2495 silici
1147 2453 1185 2494 ex

179 2539 263 2601 aqua,
277 2527 441 2598 textumque
453 2535 553 2578 rursus
564 2517 687 2577 tunditur
700 2518 806 2595 clavis,
826 2536 943 2598 sempor
954 2520 1055 2579 iniuria
1070 2520 1183 2579 melius.

137 2618 170 2674 19
241 2603 304 2685 (4.)
322 2602 470 2664 Inventum
481 2603 537 2661 iam
552 2609 596 2659 est
611 2604 695 2662 etiarn
715 2603 792 2681 qnod
809 2603 924 2679 ignibus
942 2620 999 2663 non
1018 2603 1183 2663 absumere·

178 2697 231 2748 tur.
265 2689 362 2746 vivom
372 2685 401 2746 id
416 2693 528 2760 vocant,
545 2684 728 2765 ardentisque
740 2687 768 2746 in
782 2687 858 2746 iocis
876 2687 1073 2747 conviviorum
1091 2705 1129 2747 ex
1146 2704 1182 2747 eo

178 2770 297 2834 vidimus
318 2788 437 2849 mappas
459 2767 592 2831 sordibus
614 2773 723 2830 exustis
750 2769 981 2849 splendescentis
1004 2771 1063 2847 igni
1090 2771 1219 2847 megisto

179 2874 263 2935 qnam
277 2862 397 2934 possent
413 2856 503 2933 aquis.
529 2853 629 2931 'rogum
640 2854 706 2915 inde
718 2854 855 2914 lunebros
867 2856 980 2915 tunicae
996 2856 1130 2934 corporis
1141 2855 1182 2914 ia·

177 2940 274 3002 villam
285 2939 320 3000 ab
332 2939 445 3016 reliquo
458 2946 594 3016 separant
606 2940 713 2999 cinere.
747 2939 874 2997 nascitur
887 2940 916 2996 in
928 2938 1050 2998 desertis
1062 2938 1182 2998 adustis·
1269 2953 1270 2962 ¹

180 3043 235 3103 que
246 3024 311 3087 sole
321 3021 435 3098 Indiae,
446 3022 495 3083 ubi
511 3038 568 3080 non
586 3021 689 3082 cadunt
707 3021 826 3097 imbres,
844 3023 919 3081 inter
936 3021 1012 3080 diras
1027 3023 1182 3102 serpentis,

179 3108 379 3184 adsuescitque
391 3108 490 3166 vivere
503 3103 640 3184 ardendo,
652 3123 745 3166 rarum
756 3107 882 3182 inventu,
896 3103 1013 3164 difficile
1024 3113 1104 3165 textu
1115 3124 1180 3184 pro·

137 3201 243 3272 aopter
259 3191 438 3250 brevitatem.
465 3189 545 3250 rufus
563 3189 599 3249 de
619 3199 718 3250 cetero
734 3188 816 3250 colos
827 3188 1005 3269 splendescit
1018 3189 1088 3266 igni.
1112 3188 1181 3250 Cum
1190 3202 1217 3246 aa

179 3277 322 3336 inventum
341 3283 400 3351 est,
421 3283 524 3353 aequat
539 3276 631 3344 pretia
648 3272 851 3334 excellentium
867 3273 1092 3349 margaritarmn.
1129 3291 1179 3332 vo·

181 3366 260 3418 catur
270 3366 362 3418 autem
373 3376 389 3418 a
401 3360 518 3421 Graccis
530 3349 727 3436 ἄσβέστινον
737 3376 775 3417 ex
784 3365 953 3433 argumento
965 3366 1091 3417 naturae.
1104 3356 1179 3416 Ana-

179 3440 271 3503 xilaus
286 3448 384 3503 auctor
400 3454 444 3504 est
461 3445 549 3504 linteo
572 3459 607 3504 eo
629 3441 826 3502 circumdatam
849 3441 982 3502 arborem
1004 3441 1096 3501 surdis
1117 3442 1179 3502 ioti-
