2552 3866
331 210 411 257 usr.
428 185 518 258 meu.
541 209 640 257 xv111.
658 207 774 262 ro-aa.
793 198 944 279 (to-ea.)
1056 197 1115 260 125

123 363 189 424 isba
204 365 317 423 runcari
331 380 388 422 non
404 365 502 439 gestit,
515 364 649 442 quoniam
664 364 771 422 evincit
784 363 900 424 herhas.
926 365 1052 442 lupinum
1066 382 1115 424 oc-

7 513 8 518 *
123 456 203 507 catur
217 456 332 507 tantum.
362 446 468 506 milium
483 455 512 506 et
527 448 659 525 panicum
674 455 793 506 occatur
808 457 837 506 et
851 448 971 525 saritur,
992 465 1049 508 non
1063 449 1115 508 ite-

120 540 208 605 ratur,
221 547 279 590 non
296 537 440 590 runcatur.
460 530 553 608 silicia
564 540 594 590 et
605 529 729 608 phasioli
740 540 878 590 occantur
888 539 1004 590 tantum.
1027 534 1099 592 Sunt
1106 541 1157 597 186

7 663 9 678 .
118 629 230 691 genera
244 622 341 674 terrae
353 629 474 692 quorum
489 614 607 674 ubertas
620 615 761 692 pectinari
776 623 908 691 segetem
922 616 950 674 iu
963 614 1052 674 herba
1066 632 1114 676 oo·

93 697 311 774 agat-oratis
327 706 355 756 et
370 696 427 756 hoc
437 715 530 775 genus
545 697 680 758 dentatae
689 697 764 757 stilis
779 696 885 757 ferreis
892 731 943 774 -‚
956 697 1115 776 eademque

117 779 299 841 nihilominus
324 789 353 840 et
368 779 570 858 depascuntur.
600 797 675 858 quae
695 780 816 860 depasta
839 790 904 841 sunt
924 781 1040 841 sarculo
1062 783 1114 840 ite·

117 881 180 923 rum
195 865 315 923 excitari
328 865 534 924 necessarium.
557 872 585 922 at
599 864 628 923 in
634 863 757 940 Bactris,
765 863 875 941 Africa,
886 863 1009 940 Cyrenis
1023 866 1116 926 omnio

117 948 191 1008 haec
216 964 395 1026 supervacua
420 947 491 1008 iecit
516 946 692 1023 indulgentia
707 947 800 1022 caeli,
828 958 890 1008 eta
911 958 1116 1008 sementeron

117 1032 172 1090 nisi
186 1030 332 1098 messibus,
343 1033 372 1090 in
393 1047 461 1091 arva
476 1029 614 1106 redeunt,
635 1032 700 1109 quia
722 1031 840 1091 siccitas
858 1041 978 1093 coercet
996 1031 1113 1106 herbas,

81 1132 107 1174 ro
116 1115 217 1190 fruges
232 1124 374 1174 nocturno
385 1117 499 1174 tractim
512 1128 579 1175 rore
594 1116 732 1173 nutriens.
743 1114 891 1192 Vergilius
904 1115 1022 1176 alternis
1035 1123 1156 1179 ces-187

5 1195 7 1202 ‘
117 1215 182 1258 sare
197 1215 267 1258 arva
283 1197 393 1258 suadet.
428 1198 453 1257 si
469 1199 611 1276 patiantur
627 1200 701 1256 ruris
718 1199 826 1278 spatia,
847 1198 1026 1259 utilissimum
1046 1216 1114 1276 pro·

117 1282 163 1342 cul
181 1281 268 1341 dubio
290 1292 343 1342 est.
372 1282 494 1361 quodsi
516 1290 604 1358 neget
625 1282 774 1358 condicio,
796 1283 841 1342 iar
862 1284 1015 1344 serendum
1037 1282 1113 1342 unde

116 1366 242 1443 lupinum
266 1375 314 1424 aut
333 1366 409 1426 vicia
427 1374 474 1425 aut
495 1364 562 1424 laha
584 1364 695 1426 sublata
711 1368 768 1425 sint
793 1375 823 1425 et
846 1383 921 1444 quae
946 1377 1052 1427 terram
1070 1365 1112 1426 ia·

117 1451 192 1509 ciant
210 1449 370 1509 laetiorem.
405 1451 434 1509 iu
453 1446 612 1528 primisque‘
637 1458 666 1508 et
686 1450 745 1510 hoc
772 1451 943 1528 notandum,
972 1450 1113 1530 quaedam

4 1597 5 1600 Ἴ
81 1552 107 1593 sa
117 1542 235 1612 propter
246 1533 302 1593 alia
314 1535 373 1593 seri
385 1532 490 1609 obiter,
499 1534 571 1591 -si
584 1549 683 1611 parum
695 1535 891 1612 provenirent,
910 1537 1008 1613 priore
1016 1534 1085 1595 dixi·
1096 1551 1123 1593 tr,
1131 1552 1153 1585 ω

4 1635 5 1696 j
114 1625 176 1676 mus
189 1616 345 1692 uolumine,
359 1635 395 1676 ue
413 1617 514 1676 eadem
526 1616 644 1694 saepius
657 1615 846 1692 dicantur—‚
856 1618 1014 1695 plurumum
1036 1619 1111 1676 eninr

114 1699 207 1759 reiert
224 1699 280 1758 soli
299 1701 438 1778 cuiusque
454 1701 537 1758 ratio.

178 1781 228 1842 22.
250 1781 334 1860 (51.)
354 1779 461 1841 Civitas
483 1781 600 1852 Africae
622 1785 650 1843 iu
670 1781 771 1842 mediis
791 1783 907 1843 harenis
927 1782 1091 1860 petentibus
1102 1792 1153 1846 188

115 1867 208 1941 Syrtis
222 1863 392 1944 Leptimque
406 1881 535 1944 magnam
549 1876 669 1927 vocatur
687 1865 813 1945 Tacape,
827 1866 906 1926 ielici
922 1884 1010 1944 super
1026 1883 1109 1925 omne

78 1947 282 2014 somiraculum
298 1951 380 2026 riguo
396 1949 478 2025 solo,
498 1952 587 2009 ternis
602 1949 666 2009 iere
677 1949 790 2010 milibus
805 1968 940 2029 passuum
955 1953 983 2011 in
998 1968 1110 2010 omnem

3 2023 4 2056 ³
109 2043 225 2113 ,partem
243 2032 309 2094 iona
323 2033 463 2109 abundat,
485 2033 584 2109 largus
601 2034 731 2110 quidem,
751 2034 805 2094 sed
827 2045 857 2094 et
873 2027 960 2094 cortis
975 2035 1109 2096 horarum

115 2119 215 2196 spatiis
233 2116 416 2196 dispensatur
431 2117 504 2176 inter
518 2116 639 2176 incolas.
669 2116 782 2194 palmae
797 2117 837 2177 ihi
852 2119 1024 2196 praegrandi
1039 2119 1107 2179 snb·

116 2201 190 2261 ditur
205 2201 281 2276 oles,
302 2200 368 2260 huic
386 2200 472 2276 licus,
495 2200 550 2260 lico
567 2200 684 2278 punica,
707 2199 751 2259 illi
767 2201 843 2276 vitis,
865 2199 917 2262 suh
931 2202 988 2262 vite
1004 2204 1108 2261 seritur

115 2285 301 2364 frumentum,
322 2300 389 2343 mox
404 2282 552 2363 legumen,
573 2282 676 2343 deiude
691 2283 772 2358 olus,
795 2285 887 2342 omnia
904 2283 1008 2343 eodem
1023 2301 1106 2360 anno,

77 2387 106 2428 2⁵
117 2371 267 2447 omniaque
282 2367 485 2428 aliena-umbra
499 2367 622 2428 aluntur.
652 2376 790 2445 quaterna
804 2367 899 2426 cubita
913 2368 975 2426 eins
991 2366 1047 2425 soli
1061 2367 1089 2424 in
1098 2376 1148 2430 189

3 2507 4 2518 ,
117 2453 293 2531 quadratum,
305 2469 360 2511 nec
376 2460 405 2510 ut
416 2468 433 2511 a
445 2453 589 2528 porrectis
602 2453 752 2529 metiantur
764 2451 861 2528 digitis
875 2450 927 2510 sed
941 2452 970 2510 in
983 2467 1108 2529 pugnum

116 2538 282 2611 contractis,
304 2537 449 2614 quaternis
465 2533 589 2594 denariis
604 2534 818 2594 venumdantur.
849 2536 1045 2613 superomnia
1063 2541 1107 2593 est
1220 2599 1223 2606 ‚

3 2619 4 2650 ¹
114 2618 207 2680 biiera
221 2621 279 2678 rite
296 2620 340 2678 his
359 2635 432 2678 anno
447 2617 632 2677 vindemiare.
663 2627 692 2677 et
706 2620 762 2678 uisi
777 2619 927 2698 multiplici
947 2629 1028 2697 partu
1046 2619 1105 2678 exi·

114 2704 243 2762 naniatur
256 2701 387 2778 ubertas,
406 2709 526 2780 pereant
541 2700 652 2761 luxuria
676 2701 779 2778 singuli
793 2702 922 2762 fructus·
944 2721 1018 2762 nunc
1033 2719 1104 2763 vero

3 2803 4 2822 ¹
78 2795 177 2851 sototo
198 2803 272 2844 auno
292 2787 405 2844 metitur
429 2783 552 2861 aliquid,
579 2791 749 2861 constatque
770 2784 909 2844 fertilitati
926 2802 983 2844 non
1003 2803 1104 2844 occur·

114 2889 181 2930 rere
196 2870 335 2929 homines.
348 2868 493 2946 hquarum
504 2881 619 2944 quoque
632 2867 792 2927 differentia
807 2883 908 2943 magna
921 2869 1020 2945 riguis.
1036 2867 1089 2926 list
1096 2876 1147 2930 190

114 2955 143 3013 in
157 2951 336 3013 Narbonensi
350 2952 496 3028 provincia
514 2948 619 3009 nobilis
633 2949 698 3010 ious
713 2953 789 3026 Orge
802 2952 925 3010 nomine.
949 2953 977 3010 in
990 2967 1025 3009 eo
1038 2950 1103 3008 her·

115 3037 170 3097 hae
186 3045 340 3097 nascuntur
353 3036 381 3094 in
396 3044 501 3095 tantum
516 3034 662 3111 expetitae
687 3033 779 3093 bubus
800 3044 830 3094 ut
845 3036 947 3094 mersis
963 3033 1104 3112 oapidhus

114 3122 183 3180 totis
199 3138 249 3180 eas
264 3128 411 3198 quaerant.
434 3121 486 3179 sed
501 3118 568 3178 illas
581 3118 608 3176 in
621 3134 694 3194 aqua
709 3119 854 3178 nascentis
869 3125 977 3178 certum
992 3127 1103 3177 estnon

80 3229 107 3272 ³5
115 3206 168 3264 nisi
180 3202 315 3263 imbribus
327 3204 375 3264 ali.
392 3219 464 3279 ergo
476 3219 554 3262 suam
566 3201 686 3280 quisque
697 3210 799 3262 terram
810 3219 969 3280 aquamque
980 3201 1102 3261 noverit.

172 3287 222 3350 23.
234 3286 316 3366 (52.)
329 3287 360 3346 st
371 3287 458 3346 luerit
468 3284 517 3345 illa
528 3294 616 3360 terra,
628 3302 711 3363 mam
723 3286 931 3364 appellavimus
941 3294 1020 3346 tene·
1029 3307 1086 3350 aaa
1094 3293 1143 3348 191

116 3390 186 3448 ram,
201 3371 309 3450 poterit
323 3370 435 3429 sublato
451 3368 562 3428 hordeo
580 3371 638 3429 seri
654 3369 769 3448 milium,
787 3387 822 3429 eo
838 3369 951 3430 condito
965 3387 1045 3450 rapa,
1057 3370 1101 3430 his

93 3513 103 3556 t
117 3455 236 3516 sublatis
249 3454 387 3516 hordeum
401 3471 498 3513 rursus
509 3452 557 3511 vel
568 3454 702 3528 triticum,
717 3453 790 3513 sicut
806 3455 834 3512 in
843 3451 1006 3534 Campania,
1018 3454 1099 3513 satis-
