2534 3866
178 187 218 250 32
519 202 823 253 cenmusncnranu

178 363 300 432 argento
311 354 390 416 hunt.
412 355 607 436 hucupatoria
618 355 747 418 harundo
760 375 777 418 a
790 355 948 418 Panhormo
960 353 1161 431 laudatissima,

178 439 332 518 piscatoria
347 438 502 501 Abaritana
516 459 555 500 ex
567 440 675 500 Africa.

138 531 189 587 173
262 522 346 600 (67.)
374 522 544 584 Harundinis
558 522 657 581 ltaliae
675 541 742 583 usus
757 522 792 582 ad
807 524 905 584 vineas
918 540 1058 584 maxume.
1092 520 1162 583 Cato

180 605 237 677 seri
264 623 326 666 eam
348 606 427 666 iubet
454 608 482 665 in
504 605 603 665 umidis
623 607 701 681 agris
722 605 829 684 bipalio
850 606 970 668 subacto
990 606 1068 684 prius
1087 605 1162 681 solo,

179 689 271 748 oculis
287 689 433 767 dispositis
451 687 600 748 intervallo
615 696 760 748 ternorum
782 689 901 770 pedum,
922 689 1049 750 simulet
1066 705 1184 749 cornu-s

178 769 259 848 datu,
281 773 356 833 unde
377 773 509 850 asparagi
533 771 601 836 finnt
614 805 655 816 —
671 773 850 833 concordare
869 773 1019 834 amicitiam
1033 804 1090 850 -,
1111 771 1162 832 37.

178 855 285 916 salices
304 873 375 916 vero
394 858 493 928 circa,
506 871 562 931 777
575 853 651 913 nulla
667 857 860 932 aquaticarum
880 855 991 930 utilior,
1019 854 1087 914 licet
1112 871 1163 932 po·

178 939 239 1018 puli
258 937 362 998 vitibus
382 937 515 1016 placeant
535 945 565 996 et
579 934 715 997 Caecuba
735 939 873 1013 edocent,
897 937 966 998 licet
985 936 1043 998 alni
1068 938 1163 1017 saepi·

177 1020 232 1081 bos
246 1022 368 1080 muniant
383 1029 539 1099 contraque
552 1020 755 1099 erumpentium
767 1022 886 1082 amnium
900 1022 1022 1100 impetus
1038 1019 1165 1098 riparum
1250 1063 1251 1086 ,

178 1121 259 1164 muro
274 1106 302 1163 iu
318 1103 408 1162 tutela
425 1104 499 1163 ruris
515 1103 661 1163 excubent
674 1105 703 1166 in
717 1123 791 1185 aqua
807 1115 898 1182 satae,
911 1121 1076 1182 caesaeque
1094 1103 1162 1163 den·
1173 1121 1196 1161 77

128 1196 132 1202 ’
179 1187 238 1247 sius
257 1189 404 1246 innumero
423 1185 532 1246 beredo
551 1187 670 1265 prosint.

138 1278 189 1335 174
257 1268 341 1347 (68.)
364 1268 467 1330 Saliois
486 1273 581 1330 statim
602 1270 685 1348 plura
699 1287 817 1348 genera.
852 1288 973 1354 namque
999 1277 1028 1331 77
1047 1270 1075 1329 in
1096 1287 1164 1349 pro·
1250 1315 1251 1342 ,

180 1352 327 1414 ceritatem
338 1369 468 1429 magnam
480 1356 607 1413 emittunt
618 1354 692 1430 iugis
702 1355 848 1414 vinearum
856 1355 982 1433 perticas
994 1355 1165 1433 pariuntque
1250 1371 1251 1374 ¹

134 1479 139 1496 ,
179 1435 277 1496 balteo
294 1437 410 1495 corticis
425 1436 554 1511 vincula,
572 1445 601 1496 77
617 1437 692 1496 aliae
709 1439 806 1516 virgas
821 1437 957 1516 sequacis
971 1437 1007 1498 ad
1019 1438 1165 1497 vincturas

177 1519 316 1593 leutitiae,
342 1518 412 1578 alias
427 1522 590 1599 praetenuis
605 1521 755 1580 viminibus
767 1521 897 1581 texendis
909 1520 1059 1598 spectabili
1075 1518 1196 1579 subtile

128 1636 130 1640 -
178 1602 266 1663 litate.
310 1619 408 1662 rursus
430 1603 504 1664 aliae
531 1603 672 1664 firmiores
697 1603 832 1663 corbibus
852 1623 888 1664 ac
914 1602 1060 1682 plurumae
1088 1603 1163 1679 agri-

177 1685 307 1746 colarum
333 1687 525 1765 supellectili,
556 1685 737 1748 candidiores
763 1686 859 1748 ablato
888 1688 1015 1763 cortice,
1046 1685 1164 1764 levique

177 1777 299 1830 tractatu
319 1770 500 1838 mollioribus
527 1773 620 1846 vasis,
642 1788 715 1849 quae
736 1779 767 1830 ut
788 1780 849 1832 nec'
865 1771 945 1832 corio
962 1771 1028 1830 liant
1048 1769 1164 1843 eodem,

178 1862 264 1930 atque
285 1854 368 1914 etiam
392 1855 555 1931 supinarum
581 1855 609 1913 in
631 1853 750 1918 delicias
771 1855 966 1916 cathedrarum
980 1853 1163 1932 aptissimae.

137 1944 187 2001 175
199 1933 315 1996 Caedua
332 1936 413 1996 salici
435 1936 566 1996 fertilitas
587 1937 761 2017 densiorque
781 1947 896 1999 tonsure
912 1957 950 1998 ex
966 1935 1047 1997 brevi
1066 1948 1197 2014 pugnum

177 2019 275 2079 verius
293 2036 375 2096 quam
389 2037 484 2098 ramo,
501 2037 573 2095 non,
591 2028 621 2080 ot
635 2039 745 2097 remur,
760 2023 787 2083 in
802 2021 963 2083 novissimis
980 2019 1104 2080 curanda
1118 2037 1163 2079 77·

177 2101 261 2162 bore.
289 2102 394 2162 nullius
411 2105 518 2181 quippe
534 2105 620 2164 tutior
634 2104 742 2166 reditus
757 2115 802 2167 est
813 2105 967 2166 minorisve
985 2101 1100 2182 inpendi
1115 2111 1167 2164 aut

177 2185 388 2264 tempestatium
405 2188 543 2246 securior.
1053 2239 1054 2244 ,

137 2276 188 2332 176
262 2268 345 2348 (69.)
367 2269 493 2329 Tertium
507 2270 602 2331 locum
616 2271 644 2332 ei
659 2273 687 2331 in
701 2271 897 2331 aestimatione
908 2267 982 2327 ruris
995 2262 1067 2326 0777
1083 2271 1165 2328 attri-

177 2349 238 2412 buit
252 2354 435 2430 prioremque
452 2371 535 2431 quam
549 2353 663 2412 olivetis
681 2369 821 2431 quamquo
838 2352 978 2411 frumento
998 2357 1046 2410 777
1060 2353 1163 2428 pratis,
1173 2374 1197 2414 as

177 2453 233 2495 nec
248 2437 314 2513 quia
328 2434 422 2495 desint
437 2436 492 2495 alia
506 2435 628 2494 vincula.
662 2434 802 2513 siquidem
816 2444 845 2494 et
859 2436 989 2512 genistae
1010 2442 1039 2492 et
1060 2436 1165 2513 populi

178 2527 208 2577 et
226 2516 292 2577 ulmi
310 2525 339 2577 77
354 2518 502 2594 sanguinei
523 2517 643 2578 frutices
659 2527 689 2577 et
709 2517 835 2578 betullae
853 2527 883 2578 77
900 2517 1027 2578 harundo
1049 2517 1116 2576 fissa
1134 2528 1166 2578 et
1251 2515 1252 2552 l

177 2598 362 2660 harundinum
376 2599 457 2678 folia,
472 2608 503 2660 ut
515 2599 674 2677 foligaria,
685 2608 714 2660 et
723 2601 788 2660 vitis
798 2602 862 2679 ipsa
876 2602 1036 2678 recisisque
1051 2599 1164 2664 aculeis
1251 2671 1252 2680 ἵ

177 2682 241 2742 rubi
261 2683 386 2760 adfigunt
407 2692 437 2743 et
453 2685 555 2744 intorta
570 2683 685 2758 corylos
702 2683 743 2728 '-
756 2685 912 2762 mirumque
929 2693 1067 2744 77777777
1081 2684 1163 2758 ligno
1251 2711 1252 2744 2

178 2766 263 2828 alicui
285 2768 408 2827 maiores
430 2768 466 2828 ad
486 2767 599 2828 vincula
620 2784 687 2826 esse
709 2768 776 2828 viris
791 2802 850 2843 -,
868 2767 949 2827 salici
966 2776 1059 2827 tamen
1076 2784 1197 2844 prae-ao

137 2855 188 2914 177
197 2851 284 2930 cipua
299 2849 362 2912 dos.
385 2849 512 2911 finditur
528 2849 638 2910 Graeca
654 2849 775 2926 rubens,
798 2849 944 2911 candidior
960 2851 1092 2912 Amerina
1108 2849 1163 2910 sed

178 2934 265 3013 paulo
285 2933 415 3009 fragilior
436 2933 502 3015 ideo
523 2932 616 2992 solido
639 2931 708 3008 ligat
728 2951 812 2992 7777.
844 2934 871 2992 in
887 2934 956 2995 Asia
977 2935 1030 2994 tria
1051 2950 1162 3009 genera
1188 2947 1193 2954 ·

178 3016 348 3076 observant:
378 3016 496 3091 nigram,
511 3015 653 3074 utiliorem
678 3015 844 3092 viminibus,
873 3018 1019 3077 candidam
1047 3017 1160 3100 agrico-

70 3104 75 3110 ’
178 3099 268 3160 larum
287 3097 402 3173 usibus,
424 3099 535 3158 tertiam
556 3101 629 3176 7777
649 3096 816 3158 brevissima
839 3109 884 3158 est
904 3100 1026 3160 helicem
1043 3107 1158 3160 vocant.

177 3182 252 3259 apud
271 3191 459 3259 nos'quoque
475 3178 553 3244 multi
575 3181 692 3241 totidem
715 3182 870 3258 generibus
886 3184 998 3243 nomina
1014 3183 1158 3262 inponunt,
1170 3203 1195 3244 as
1250 3191 1252 3198 ⁴

176 3264 335 3325 viminalem
364 3272 470 3324 vocant
498 3263 674 3342 eandemque
703 3280 890 3342 pnrpuream,
920 3266 1036 3326 alteram
1065 3264 1158 3324 niteli-

177 3363 241 3404 nam
256 3364 271 3406 a
288 3347 386 3408 colore
402 3363 475 3426 7777
494 3346 530 3405 sit
546 3349 668 3424 tenuior,
683 3348 793 3408 tertiam
809 3345 942 3409 Gallicam
964 3367 1037 3427 7777
1052 3348 1157 3408 tenuis-

177 3446 256 3488 suna.
