2534 3866
312 127 324 154 ,
1097 135 1100 141 ι

316 195 396 246 ιιι.
412 196 503 244 arran.
519 197 603 244 xvrr.
625 195 740 252 11—-12,
758 186 906 266 (ro-19.)
1060 184 1096 246 m

626 287 640 320 0

109 355 265 426 exemptas
292 348 447 426 adpareat,
462 341 532 408 ¹non
555 349 689 423 evolsas,
721 351 784 426 quis
806 347 934 410 dubitet?
973 370 1029 430 qua
1054 369 1098 410 ra·

98 434 191 492 xtione
208 432 366 509 etreliqua
382 432 515 494 confessu
531 433 693 506 omittimus,
711 433 794 491 sicuti
810 443 915 492 terram
930 435 1008 494 eirca
1023 434 1099 494 redi·
1140 447 1145 459 ‘
1165 495 1168 502 ,

107 533 164 574 ιιι
181 515 327 575 festucato
343 515 536 592 spissandam,
559 515 634 593 quod
645 513 723 594 ‚Cato
738 517 856 594 primum
875 517 904 574 in
919 534 954 576 ea
977 535 1009 576 re
1031 535 1097 576 esse

13 635 16 684 p
109 607 231 672 censet,
254 598 370 696 plagam
386 616 501 677 quoque
518 617 536 658 a
552 609 652 658 trunco
670 598 760 659 oblini
774 599 841 658 iimo
858 607 889 660 et
901 598 980 660 loliis
993 600 1098 677 praeli·

88 683 175 758 sgari
190 682 384 759 praecipiens.

177 765 226 826 12.
250 765 333 844 (17.)
362 763 451 824 lluius
470 766 528 828 loci
550 783 617 844 pars
641 773 686 825 est
704 765 740 824 ad
761 732 911 826 intervalla
933 767 1095 844 pertinens:
1107 776 1142 830 88

111 848 227 947 quidam
242 848 359 926 punicas
376 857 405 907 et
419 858 528 924 myrtos
543 857 573 908 et
588 849 686 909 lauros
700 847 852 908 densiores
869 851 927 908 seri
946 851 1099 923 iusserunt,

110 935 139 992 in
157 931 283 1010 pedibus
297 940 391 992 tamen
405 935 545 1008 novenis,
566 932 658 990 malos
677 931 798 1010 amplius
817 932 921 1009 paulo,
944 933 993 994 rel
1010 933 1100 1006 magis

100 1017 199 1075 'etiam
226 1015 306 1092 piros
334 1017 485 1093 magisque
514 1015 678 1090 amygdalas
706 1024 735 1074 et
761 1015 851 1090 iens,
882 1017 960 1094 quod
984 1025 1100 1094 optume
1191 1067 1194 1080 .

80 1114 103 1155 ιι
113 1097 280 1159 diiudicabit
300 1115 442 1157 ramorum
469 1099 660 1176 amplitudinis
682 1099 963 1180 ratioqlocorumque
988 1108 1017 1158 et
1033 1097 1100 1157 um·
1137 1163 1140 1171 ¹

13 1255 14 1258 Ἴ
110 1181 183 1242 brae
198 1180 337 1259 cuiusque
354 1180 477 1258 arboris,
504 1183 637 1260 qnoniam
651 1181 701 1240 has
717 1199 832 1260 quoque
848 1183 999 1243 observari
1014 1199 1099 1260 opor-

13 1283 14 1342 ᾗ
110 1275 163 1329 tet.
193 1264 301 1324 breves
318 1274 382 1324 sunt
398 1265 527 1344 quernus
541 1283 704 1342 magnarum
719 1265 852 1326 arborum
868 1284 941 1343 quae
957 1269 985 1326 in
999 1267 1099 1326 orbem

110 1364 209 1408 ramos
225 1348 379 1423 cirnineat,
394 1359 423 1410 ut
435 1349 463 1408 in
478 1349 559 1410 malis
572 1350 710 1429 pirisque.
732 1349 853 1410 eaedem
870 1368 1001 1410 enormes
1019 1368 1098 1410 oera-

112 1431 282 1508 sis,‚lauris.
440 1448 443 1456 =

13 1559 14 1570 .
80 1530 103 1569 ιι
144 1511 146 1518 ’
177 1515 261 1592 (18.)
288 1513 346 1574 larn
367 1517 506 1592 quaedam
526 1515 686 1574 umbrarum
708 1519 888 1594 proprietds:
924 1517 1141 1594 iuglandiumbe
1195 1521 1200 1536 ¹

13 1605 15 1654 ι
111 1599 211 1675 mavis
231 1605 260 1658 et
272 1600 367 1674 noxia,
385 1601 468 1658 etiam
483 1600 570 1677 capiti
588 1599 708 1658 humano
725 1599 913 1677 omnibusque
926 1603 1003 1660 iuxta
1019 1603 1097 1659 satis.

112 1689 199 1742 necat
217 1682 343 1758 gramina
359 1691 388 1741 et
402 1685 495 1761 pinus,
516 1683 568 1744 sed
583 1683 676 1740 ventis
691 1689 811 1758 utraque
827 1684 947 1757 resistit,
969 1685 1098 1760 quoniam

114 1774 143 1824 et
158 1774 290 1843 protecta
311 1767 456 1824 vinearum
478 1767 586 1826 ratione
608 1774 704 1840 egent.
734 1764 877 1824 stillicidia
895 1766 993 1843 pinus,
1016 1782 1098 1843 quer·
1208 1777 1213 1786 ·

114 1867 176 1924 ιιι,
191 1847 266 1914 ilicis
282 1847 537 1926 ponderosissima,
553 1848 659 1908 nullum
673 1849 813 1927 cupressi,
827 1848 924 1908 umbra
938 1850 1057 1908 minuma
1070 1857 1099 1906 et

80 1933 188 1993 minse
203 1931 374 2009 convoluta,
397 1933 515 1991 iicorum
527 1932 609 2005 levis,
622 1933 750 2009 quamvis
762 1949 873 2010 sparsa,
887 1933 1011 2010 ideoque
1027 1933 1099 1990 inter

114 2017 214 2076 vineas
235 2016 294 2074 seri
315 2031 372 2072 non
397 2023 538 2074 vetantur.
571 2014 716 2076 ulmorum
735 2015 824 2090 lenis,
851 2018 935 2076 etiam
957 2017 1093 2088 nutriens,
1105 2024 1140 2077 lto

116 2116 294 2177 quacumque
315 2108 427 2175 opacat.
458 2097 554 2156 Attico
574 2097 646 2156 baec
666 2114 781 2175 quoque
802 2098 913 2158 videtur
930 2118 946 2158 ι
962 2101 1096 2175 gravissi-

114 2184 183 2257 mis,
201 2200 256 2240 nec
272 2180 388 2256 dubito,
407 2181 430 2238 si
446 2182 605 2240 emittantur
619 2181 647 2238 in
659 2183 762 2239 remos.
798 2183 970 2240 constrictae
985 2185 1096 2258 quidem

115 2266 190 2328 iliius
208 2266 324 2326 noxiam
341 2281 407 2324 esse
428 2281 485 2322 non
503 2263 635 2324 arbitror.
665 2263 785 2322 iucunda
807 2273 836 2322 et
855 2263 977 2341 platani,
1004 2282 1097 2340 quam-

82 2366 201 2427 asquum
222 2365 330 2408 crassa.
372 2347 441 2407 lieet
460 2349 578 2424 gramini
602 2347 739 2422 credere,
768 2363 825 2406 non
852 2345 923 2422 soli,
952 2346 1020 2406 baut
1044 2347 1097 2406 alia

112 2433 219 2494 laetius
236 2433 387 2510 operiente
402 2440 492 2491 toros.
520 2431 629 2510 populo
646 2431 723 2490 nulla
742 2429 904 2492 ludentibus
920 2431 1014 2507 loliis,
1037 2431 1096 2508 pin-

115 2517 180 2596 guis
195 2516 274 2590 alno,
291 2515 343 2574 sed
359 2532 482 2592 pascens
499 2523 568 2574 sata.
598 2515 663 2574 vitis
687 2514 739 2574 sibi
760 2515 881 2590 suflicit,
903 2515 1001 2576 mobili
1023 2514 1137 2575 lolio-91

116 2603 281 2676 iactatuque
297 2597 401 2658 erebro
417 2597 509 2657 solem
522 2597 619 2658 umbro
634 2607 808 2675 temperans,
822 2599 924 2658 eodem
937 2600 1019 2675 gravi
1033 2615 1096 2676 pro·

116 2693 222 2759 tegens
243 2683 272 2740 in
294 2681 393 2740 imbre.
435 2681 556 2739 omnium
581 2681 643 2740 iere
663 2679 735 2739 levis
759 2681 857 2742 umbra
881 2699 1000 2762 quorum
1019 2682 1097 2760 pedi

84 2766 175 2830 seculi
190 2765 280 2840 longi.
309 2781 366 2823 non
380 2763 550 2824 fastidienda
565 2763 637 2824 baec
656 2779 769 2840 quoqne
785 2765 913 2839 scientie,
935 2774 1019 2842 atque
1042 2781 1098 2850 ιιοιι

118 2851 147 2908 in
159 2847 266 2908 rdtimis
282 2847 427 2925 ponenda,
449 2845 561 2924 quando
576 2849 644 2904 satis
660 2845 818 2942 quibusque
832 2845 929 2910 umbra
944 2857 991 2906 aut
1005 2837 1098 2906 nutrix'

118 2941 166 2992 aut
179 2946 306 2991 noverea
322 2939 374 2988 est.
403 2929 574 3026 iuglandiqm
588 2929 698 3003 quidem
713 2929 898 3007 pinorumque
909 2940 939 2990 et
954 2931 1098 3008 picearum

13 3013 18 3130 p
114 3023 150 3091 ¹et
165 3013 268 3074 abietis
287 3030 482 3092 quaecumque
499 3013 619 3087 attigere
634 3028 691 3070 non
706 3009 790 3070 dubie
803 3031 943 3072 uenenum
961 3021 1013 3071 est.
1070 3036 1074 3045 ¹

180 3096 264 3175 (19.)
287 3096 418 3158 Stillioidi
430 3095 526 3154 brevis
538 3093 663 3154 definitio
675 3104 729 3155 est.
752 3096 872 3154 omniurn
883 3111 956 3173 quae
968 3095 1097 3172 proiectu
1106 3104 1139 3157 92

86 3198 111 3240 as
120 3180 230 3240 frondis
241 3180 280 3240 ita
290 3179 478 3240 defenduntur
489 3189 518 3239 ιι
531 3196 584 3255 per
594 3179 672 3254 ipsas
683 3194 741 3238 non
752 3175 878 3258 defluant
892 3177 1008 3254 imbres,
1022 3177 1097 3238 stilla

120 3280 211 3322 saeva
226 3271 280 3336 est.
309 3280 380 3338 ergo
393 3261 550 3340 plurumum
562 3262 689 3320 intererit
700 3261 754 3321 bac
770 3262 799 3319 in
813 3259 1003 3338 inquisitione,
1020 3269 1096 3322 terra

13 3343 15 3464 p
120 3347 150 3404 in
162 3363 218 3424 qun
234 3362 363 3404 seremus
379 3346 407 3402 in
421 3353 552 3422 quantum
566 3345 685 3404 arbores
701 3361 829 3423 quasque
844 3343 909 3403 alat.
930 3344 1051 3423 iamper
1065 3363 1096 3404 se

13 3465 14 3470 κ
122 3429 215 3489 colles
230 3427 341 3487 minora
355 3435 492 3504 quaerunt
505 3427 668 3488 intervalla.
697 3428 826 3488 ventosis
848 3426 920 3488 locis
935 3427 1097 3488 crebriores
