2534 3866
194 187 233 250 34
370 265 372 284 .
397 189 408 202 “
527 197 831 248 o.nn1u1seonnn1

193 373 308 416 earnem
320 353 429 430 sabuci,
439 363 469 415 et
478 355 636 434 plurumam
647 352 747 416 ambae
758 350 941 434 medullam,
937 370 993 414 nee
1005 351 1176 415 harundines

192 441 300 500 maiore
317 456 354 499 ex
370 448 462 518 parte.

152 532 202 587 184
273 522 356 602 (73)
381 523 414 583 ln
426 521 598 601 quarundam
613 518 746 582 arborum
761 520 893 580 carnibus
908 519 1013 599 pulpae
1028 537 1177 618 uepaeque

192 615 265 666 sunt.
299 605 453 666 discrimen
467 623 561 665 earum
578 603 673 663 laeile.
703 621 794 663 uenae
808 603 926 663 latiores
939 603 1176 682 candidioresque

191 691 298 768 pulpae
312 689 449 750 lissilibus
463 690 564 747 insunt.
585 687 651 746 ideo
663 687 694 745 lit
704 695 735 746 ut
747 704 816 746 aure
832 687 866 747 ad
883 697 971 786 eaput
981 687 1070 748 trabis
1081 705 1178 768 quam·
1166 697 1201 734 -5

193 774 264 834 libet
283 773 460 852 praelongae
484 771 594 831 admota
614 771 689 829 ietue
710 769 746 829 ab
766 770 859 830 altero
887 771 982 849 capito
1002 771 1051 830 vel
1075 771 1178 849 graphi

191 858 328 918 sentiatur
348 863 516 952 penetrante
536 854 624 912 rectis
644 852 784 913 meatibus
805 868 894 928 sono,
920 854 994 914 unde
1015 853 1177 932 depreben-

123 929 129 939 ’
150 951 199 1004 185
211 941 285 1001 ditur
306 957 340 998 an
360 947 434 998 torta
454 939 491 996 sit
511 937 647 996 materies
665 919 807 1016 nodisque
830 936 956 998 ooneisa.
988 935 1097 1010 Quibus
1112 947 1178 1012 eunt

191 1024 291 1083 tubera
308 1023 380 1081 siout
404 1021 432 1080 in
452 1037 537 1080 earne
551 1019 688 1096 glandia,
716 1021 745 1080 in
769 1021 805 1081 iis
831 1037 886 1082 neo
905 1038 979 1080 vena
999 1038 1055 1080 nee
1076 1019 1177 1098 pulpa,

191 1106 311 1184 quodam
327 1104 405 1164 eallo
419 1105 511 1162 carnis
526 1103 555 1163 in
570 1121 603 1164 se
621 1104 785 1166 convoluto.
823 1104 881 1165 boe
896 1100 1132 1182 pretiosissimum
1149 1105 1177 1163 in
1190 1116 1211 1156 ιο
1256 1139 1257 1176 ι

191 1192 262 1248 citro
280 1195 308 1246 et
324 1205 419 1246 acere.
451 1196 550 1246 cetera
565 1204 725 1246 mensarum
741 1206 852 1264 genera
864 1188 940 1246 iissis
954 1187 1107 1247 arboribus
1121 1189 1178 1247 eir·

86 1293 90 1304 ι
191 1273 318 1330 eluantur
333 1272 360 1329 in
374 1271 500 1350 pulpam,
516 1270 643 1348 alioquin
657 1270 768 1347 fragilis
782 1280 862 1331 esset
874 1289 948 1331 vena
967 1271 996 1329 in
1016 1269 1115 1330 orbem
1131 1287 1177 1332 ar·

188 1354 267 1413 boris
283 1371 379 1413 caesa.
410 1353 484 1430 tagis
501 1355 631 1432 pectines
647 1357 770 1414 traversi
784 1356 811 1413 in
827 1354 924 1433 pulpa.
954 1354 1030 1432 apud
1043 1355 1177 1431 antiquos
1256 1349 1257 1376 ³

189 1438 254 1496 inde
269 1445 300 1496 et
313 1438 392 1497 vasis
405 1436 508 1497 honos.
530 1435 639 1498 Manios
652 1435 754 1498 Curius
765 1439 868 1498 iuravit
883 1455 916 1496 se
932 1457 971 1497 ex
984 1437 1091 1516 praeda
1105 1437 1178 1498 nibil

148 1528 198 1582 186
210 1521 338 1598 attigisse
359 1529 475 1599 praeter
488 1528 599 1598 guttum
617 1520 742 1598 lagidum
764 1537 820 1598 ιιιιο
838 1521 1024 1582 sacrificaret,
1057 1519 1177 1598 Lignum
1190 1533 1213 1572 1⁵

61 1599 63 1604 ’
188 1605 217 1664 in
233 1604 437 1682 longitudinem
450 1603 612 1664 fluctuatur.
642 1614 672 1664 ut
692 1621 767 1682 quae
788 1621 855 1702 pars
870 1605 922 1664 luit
939 1603 974 1664 ab
989 1604 1088 1664 radico
1104 1603 1177 1664 vali·

116 1745 117 1750 ,
189 1688 251 1749 dius
267 1689 341 1749 sidit.
373 1686 539 1767 quibusdam
553 1689 680 1766 pulpa'
656 1706 717 1747 sune
731 1689 813 1747 venis
827 1704 907 1746 mero
919 1689 1039 1748 stamine
1054 1697 1083 1748 et
1097 1690 1178 1748 tenui

191 1781 311 1833 constat
347 1772 419 1832 haee
438 1789 568 1832 maxume
590 1769 697 1830 basilia
734 1771 789 1832 alia
809 1770 902 1870 frangi
923 1772 1067 1832 celeriora
1090 1787 1179 1856 quam

190 1856 272 1930 lindi,
295 1855 398 1934 quibus
417 1854 505 1932 pulpa
521 1871 577 1913 non
593 1862 653 1930 est,
674 1861 705 1914 ut
720 1855 821 1946 oleae,
837 1855 920 1918 vites.
953 1863 981 1917 at
996 1873 1012 1914 e
1029 1857 1178 1915 contrario

188 1948 278 1998 totum
293 1956 310 1996 e
325 1955 411 1996 earne
426 1937 607 2014 eorpuslico
634 1946 693 1998 tota
707 1941 793 2000 ossea
805 1947 849 1998 est
859 1938 931 2014 ilex,
944 1955 1060 2014 cornus,
1072 1937 1179 2016 robur,
1188 1954 1215 1995 ao

190 2023 312 2100 cytisus,
336 2037 449 2096 morus,
465 2018 609 2096 hebenus,
633 2020 710 2081 lotos
730 2030 760 2082 et
781 2039 854 2099 quae
876 2023 937 2082 sine
959 2019 1083 2082 medulla
1106 2039 1179 2084 esse

148 2125 182 2160 ns
195 2104 325 2165 diximus.
359 2105 464 2164 ceteris
479 2104 622 2181 nigricans
638 2105 737 2180 color,
753 2105 831 2165 fulva
854 2121 958 2164 cornus
980 2105 1013 2163 in
1023 2104 1180 2168 venabulis

148 2197 197 2252 187
208 2188 278 2248 nitet
296 2188 428 2247 incisuris
444 2185 548 2248 nodato
570 2197 691 2264 propter
709 2188 853 2248 decorem.
891 2185 995 2247 codrus
1011 2195 1040 2246 et
1055 2186 1130 2247 larix
1147 2199 1181 2252 et

116 2281 123 2292 “
187 2273 324 2349 iunipirus
339 2268 449 2329 rubent.
476 2270 526 2332 39.
541 2269 626 2330 Larix
638 2269 743 2329 femina
758 2269 843 2328 babet
856 2285 938 2345 quam
951 2266 1054 2328 Graeci
1066 2283 1180 2334 vocant

188 2355 290 2430 aegida
302 2353 399 2413 mellei
416 2352 532 2412 eoloris.
564 2353 707 2416 inventum
726 2352 866 2430 pictorum
888 2350 1003 2412 tabellis
1018 2353 1214 2418 inmortalem

188 2437 329 2536 nullisque
350 2434 439 2496 fissile
458 2434 536 2493 rimis
557 2433 613 2494 boe
630 2433 751 2510 lignum,
771 2451 944 2511 proxumum
953 2436 1098 2498 medullae
1115 2449 1177 2502 est.

188 2523 216 2578 in
231 2517 326 2578 abiete
343 2517 444 2596 leucon
460 2516 562 2578 macor
575 2526 690 2576 vocant.
716 2517 795 2578 cedri
807 2534 922 2597 quoque
934 2518 1083 2582 durissima
1096 2539 1178 2600 quac

187 2600 330 2661 medullae
347 2617 500 2698 proxuma,
522 2608 552 2658 ut
571 2599 599 2660 in
619 2617 743 2678 corpore
765 2617 847 2677 ossa,
869 2601 974 2663 deraso
988 2603 1074 2664 modo
1090 2604 1176 2671 limo

189 2695 218 2745 et
237 2683 337 2744 sabuci
356 2684 491 2744 interiora
511 2683 581 2742 mire
601 2683 680 2742 iirma
700 2683 857 2748 traduntur
894 2685 1065 2766 quidamque
1082 2707 1176 2750 vena·

187 2767 255 2828 bula
270 2785 307 2828 ex
322 2785 357 2827 ea
370 2768 534 2864 praeierunt
548 2766 695 2844 omnibus,
719 2775 831 2828 constat
850 2768 924 2827 enim
940 2780 1057 2830 excute
1073 2780 1139 2832 eto
1121 2789 1175 2834 o-s
1186 2783 1215 2824 ao

189 2850 375 2914 sibus..

147 2945 197 2999 188
266 2932 347 3016 (74.)
376 2931 466 2994 Caedi
480 2934 678 3010 tempestivam
696 2951 769 3012 quae
783 2933 997 2996 decorticentur
1013 2945 1044 2996 ut
1058 2944 1175 2998 teretes

186 3019 222 3079 ad
235 3017 342 3095 templa
356 3025 510 3094 ceteraque
524 3035 592 3078 usus
607 3016 733 3092 rotundi,
751 3033 813 3077 cum
828 3020 999 3096 germinant,
1017 3019 1087 3078 olias
1102 3037 1174 3082 eor·

186 3103 244 3163 tice
263 3099 455 3162 inextricabili
477 3107 506 3159 ct
526 3101 603 3161 oarie
619 3100 808 3161 subnascente
829 3102 856 3160 ei
878 3103 1053 3180 materiaque
1069 3103 1174 3180 nigre-

145 3227 154 3243 .
187 3193 297 3244 scente.
329 3185 406 3260 tigna
424 3192 452 3242 et
470 3181 573 3261 quibus
591 3183 684 3244 aufert
703 3185 814 3244 securis
836 3185 971 3244 corticem
987 3185 1114 3246 abruma
1130 3189 1219 3250 adas

186 3266 329 3327 favonium
344 3273 407 3342 aut,
423 3266 447 3326 si
463 3269 800 3344 praevenirecogamur,
815 3269 919 3328 arcturi
933 3285 1041 3330 occasu
1055 3278 1084 3328 et
1099 3275 1178 3332 anre

187 3367 250 3412 cum
267 3349 420 3424 fidiculae,
437 3349 590 3411 novissima
612 3350 724 3410 ratione
737 3349 868 3410 solstitio.
898 3350 961 3410 dies
976 3351 1098 3412 siderum
1113 3351 1177 3414 bo-

145 3431 208 3508 ¹{·,²,⁷¹
226 3451 286 3492 rum
301 3433 454 3494 reddentur
468 3449 521 3494 suo
537 3432 614 3494 loeo.
643 3432 733 3511 volgo
754 3433 822 3495 satis
842 3442 941 3511 putant
956 3435 1112 3495 observare
1127 3453 1180 3500 ne
