2538 3864
189 191 250 254 250
534 203 563 251 o.
579 187 674 254 rnrnr
692 201 842 268 sncpnnr
958 271 960 276 ,
1061 185 1064 192 '

145 355 180 424 94'
256 357 303 420 16.
327 356 411 437 (56.)
436 355 565 418 Carduae
585 366 614 416 et
630 357 701 418 folia
725 366 755 418 st
776 356 875 418 caules
893 349 1035 435 spinosae
1047 356 1187 434 lanuginis

187 441 290 516 habet,
315 442 384 500 item
405 457 529 516 acorna,
555 439 779 518 leucacanthos,
803 440 958 517 chalceus,
984 458 1108 518 cnecos,
1138 459 1186 522 po·

151 532 153 538 ’
188 525 372 601 lyacanthos,
400 541 569 605 onopynos,
596 524 733 601 helxine,
760 525 919 600 scolymos.
957 523 1187 586 chamaeleonis
1225 587 1229 598 ,

188 609 266 670 foliis
288 609 453 671 nonhabet
476 608 607 670 aculeos.
639 607 693 668 Ειι
716 618 745 668 et
760 609 809 669 illa
825 609 986 670 differentia
1005 608 1081 688 quod
1103 611 1188 688 qaae·
1249 649 1250 672 t

104 708 109 716 ’
188 694 252 754 dam
270 694 298 754 in
313 695 352 754 iis
364 692 539 756 multicaulia
559 708 730 771 ramosaque
749 703 831 770 sunt,
859 701 888 752 ut
905 693 1041 769 carduus,
1068 711 1124 767 ιιιιο
1142 705 1207 753 aut

187 787 245 839 tem
260 777 343 840 caule
366 795 421 838 nec
441 794 585 839 ramosum
607 794 724 836 cnecos.
757 777 897 856 quaedam
917 779 1066 851 cacumine
1083 786 1190 838 tantum

143 874 177 928 95
189 864 307 942 spinosa
328 871 408 937 sunt,
434 870 466 920 ιιι
486 877 606 937 erynge.
647 860 788 938 quaedam
812 861 1070 939 sacrasanctam,
1098 871 1128 922 ut
1148 871 1190 926 te·

185 947 274 1008 tralin
288 955 317 1006 et
332 946 460 1006 helxine
479 944 626 1020 scolymos
639 954 755 1024 quoque
772 963 839 1006 sero
856 945 942 1006 lloret
957 955 986 1004 et
1000 946 1057 1006 diu.
1082 963 1191 1006 acorna

174 1031 288 1092 ’colore
305 1039 412 1090 tantum
426 1029 490 1092 rulo
507 1029 689 1106 distinguitur
705 1038 735 1089 et
750 1030 903 1110 pinguiore
920 1046 1000 1089 suco.
1010 1029 1107 1089 idem
1127 1036 1192 1089 erat

108 1141 112 1148 2
161 1113 333 1188 'atractylis
359 1130 491 1192 quoque,
515 1113 569 1173 nisi
596 1112 744 1187 candidior
770 1122 849 1173 esset
873 1121 902 1172 et
927 1113 981 1172 nisi
1003 1114 1250 1202 sanguineumro

186 1215 285 1260 sucum
300 1195 451 1272 funderet,
469 1215 535 1294 ’qua
551 1197 588 1257 de
604 1215 705 1257 causa
707 1197 821 1275 phonos
837 1206 959 1258 vocatur
976 1215 991 1256 a
1009 1196 1191 1276 quibusdam,
1249 1207 1250 1220 ¹

186 1281 276 1345 odore
292 1281 377 1338 etiam
393 1281 509 1355 gravis,
536 1297 604 1339 sero
621 1289 834 1341 maturescente
856 1281 967 1340 semine
985 1299 1041 1340 nec
1056 1290 1125 1341 anto
1142 1299 1191 1342 au·

165 1375 325 1438 tumnum,
353 1379 523 1440 quamquam
539 1363 568 1421 id
583 1363 620 1422 de
637 1362 767 1422 omnibus
783 1363 915 1460 spinosis
927 1363 983 1424 dici
998 1372 1105 1440 potest.
1140 1383 1191 1424 ve·
1249 1389 1250 1426 ι

142 1457 247 1512 torum
270 1446 363 1507 omnia
384 1446 458 1505 haec
479 1453 508 1504 et
529 1446 639 1504 semine
664 1454 693 1505 et
714 1446 812 1506 radice
835 1446 916 1506 nasci
944 1455 1077 1546 possunt.
1115 1450 1191 1510 Sco·

184 1532 277 1607 lymu‘s
300 1529 472 1590 carduorum
491 1529 608 1605 generis
632 1528 703 1588 ab
694 1529 729 1588 ris
745 1529 832 1590 distat
848 1529 925 1608 qaod
946 1529 1028 1590 radix
1051 1531 1114 1591 eius
1139 1551 1190 1593 ve
1180 1549 1219 1588 ι

184 1613 295 1676 scendo
319 1613 509 1676 estdecoota.
536 1613 637 1672 mirum
648 1613 728 1694 quod
749 1615 812 1672 sine
829 1613 983 1686 intervallo
996 1622 1059 1674 tota
1075 1625 1192 1677 aestate
1249 1597 1250 1662 l

185 1700 261 1762 aliud
291 1699 377 1761 iloret
402 1699 431 1756 in
457 1714 493 1756 eo
518 1715 645 1774 genere,
678 1697 754 1757 alind
780 1697 926 1776 concipit,
961 1698 1038 1758 aliud
1057 1702 1191 1776 parturit.
1249 1729 1250 1771 ι

184 1784 279 1844 aculei
294 1791 447 1843 arescente
462 1781 534 1841 lolio
556 1781 688 1850 desinunt
709 1799 850 1860 pungere.
886 1780 1010 1842 Helxine
1033 1800 1098 1843 rara
1121 1786 1191 1844 visu

185 1878 230 1928 est
245 1885 339 1946 neque
354 1865 527 1925 in-omnibus
543 1867 646 1941 terris,
671 1883 687 1924 a
702 1865 801 1926 radice
816 1865 938 1944 foliosa,
968 1885 1006 1926 ex
1021 1885 1076 1945 qua
1090 1868 1191 1928 media

183 1951 272 2011 veluti
291 1949 395 2012 malum
418 1947 569 2008 extuberat
585 1957 748 2010 contectum
765 1967 819 2032 ,sua
838 1948 952 2010 fronde.
982 1950 1065 2011 huius
1079 1961 1221 2012 vertexro
1249 1955 1250 1998 1

186 2050 309 2092 summus
331 2032 476 2092 lacrimam
496 2032 632 2092 'continet
653 2033 768 2106 iucundi
795 2033 910 2113 saporis
935 2034 1104 2096 acanthicen
1124 2053 1190 2095 ma·
1249 2027 1250 2120 ι

184 2114 295 2174 stichen
313 2115 496 2193 appellatam.

142 2205 175 2260 st
248 2200 313 2277 (57
317 2202 331 2278 )
352 2198 390 2259 Et
405 2208 504 2259 cactos
522 2214 638 2295 quoque
655 2201 683 2258 in
698 2199 797 2262 Sicilia
818 2208 925 2260 tantum
947 2201 1092 2278 nascitur,
1113 2219 1190 2262 snae
1249 2255 1250 2258 ,

185 2283 371 2361 proprietatis
388 2283 505 2360 etipse.
536 2283 564 2339 in
578 2284 656 2342 te'rra
674 2291 793 2362 serpunt
809 2283 907 2344 caules
923 2301 949 2343 a
956 2283 1054 2344 radice
1071 2287 1188 2360 emissi,
1249 2333 1250 2348 ι

183 2365 246 2430 lato
268 2365 339 2426 folio
366 2374 395 2424 et
420 2366 550 2444 spinoso.
587 2366 677 2426 caulis
697 2375 941 2442 vocantcactos‚
964 2385 1020 2426 nec
1036 2367 1220 2428 fastidiuntet
1249 2369 1250 2442 l

183 2449 212 2506 in
224 2447 316 2507 cibis
307 2457 484 2508 inveteratos
496 2464 622 2526 quoquo.
638 2467 721 2508 unum
736 2459 830 2510 autem
842 2411 953 2512 caulerlr
966 2459 1078 2512 rectum
1094 2451 1191 2513 habet
1249 2507 1250 2520 ,

118 2571 123 2578 -
184 2548 267 2607 quem
293 2539 398 2590 vocant
420 2532 565 2608 pternica,
599 2531 727 2591 eiusdem
751 2534 915 2610 suavitatis,
948 2534 1001 2594 sed
1027 2539 1190 2598 vetustatis
1249 2521 1250 2580 l

128 2685 129 2690 η
182 2613 375 2689 inpatientem.
409 2630 508 2672 semen
524 2615 551 2671 ei
566 2613 708 2691 lanuginis
726 2629 809 2693 quam
830 2632 955 2696 pappum
969 2628 1092 2694 vocant,
1123 2638 1190 2699 quo

181 2694 312 2755 detracto
329 2705 358 2755 et
373 2696 483 2757 cortice
498 2699 634 2758 teneritas
654 2697 755 2761 similis
772 2699 896 2762 cerebro
911 2701 1023 2806 palmae
1039 2711 1109 2762 est·
1129 2722 1189 2764 vo·

129 2841 131 2846 ,
164 2779 424 2848 cautascalian.
508 2797 521 2847 ,·
652 2817 654 2824 1
794 2813 797 2820 .
1163 2801 1224 2846 -tt

140 2870 175 2926 98
244 2863 328 2941 (58)
354 2861 488 2924 Tribulus
503 2878 561 2924 non
577 2864 631 2924 nrsr
645 2882 674 2923 ιιι
689 2863 866 2944 palustribus
880 2868 1016 2926 nascitur
1043 2869 1107 2929 dira
1131 2890 1191 2930 res
1249 2859 1250 2872 ¹

181 2946 273 3010 alibi
264 2957 343 3008 iuxta
358 2946 453 3006 Nilum
469 2955 499 3005 et
518 2947 708 3022 Strymonem
713 2946 802 3005 amnis
816 2949 983 3026 excipitur
974 2968 1002 3008 ιιι
1019 2949 1154 3026 cibis,
1143 2973 1191 3014 ιιι

181 3029 325 3090 clinatns
316 3045 345 3090 m
362 3021 493 3106 vadum,
505 3029 591 3090 lolio
600 3029 635 3089 ad
657 3029 784 3106 efigiem
805 3029 904 3105 ulmi,
918 3032 1053 3110 pediculo
1076 3033 1192 3114 longo.

180 3123 266 3190 atque
287 3115 316 3172 in
331 3113 444 3191 reliquo
461 3111 533 3172 orbe
554 3130 663 3212 genera
672 3112 744 3173 duo.
774 3114 822 3176 uni
838 3115 1002 3176 cicerculae
1017 3115 1106 3191 folia,
1142 3119 1191 3179 al·

179 3198 234 3255 teri
251 3196 391 3274 aculeata.
428 3195 476 3256 laic
500 3204 530 3255 et
553 3196 646 3256 serius
671 3195 755 3255 doret
770 3199 1045 3278 magisquesaepta
1061 3200 1232 3264 obsidete

120 3327 126 3330 .
179 3278 318 3339 villarum.
364 3296 464 3340 semen
491 3281 517 3338 ei
540 3278 705 3352 rotundius,
733 3279 859 3360 nigrum,
892 3283 928 3342 in.-
942 3282 1065 3360 siliqua,
1093 3284 1197 3347 alteri
1249 3319 1250 3357 ι

178 3361 378 3422 harenaceum.
412 3364 600 3441 spinosorum
620 3363 770 3423 etiamnum
791 3363 980 3440 altnogenm
1004 3367 1117 3428 anonis.
1162 3373 1199 3431 in
1249 3359 1250 3374 ¹

178 3443 263 3504 ramis
288 3447 362 3504 enim
388 3448 485 3525 spinas
510 3444 613 3522 habet,
643 3442 776 3522 adposito
797 3443 963 3510 loliorutae
984 3449 1085 3526 simili,
1114 3460 1197 3516 toto
1249 3495 1250 3502 ι
