2534 3866
184 165 223 223 44
525 169 554 220 0.
571 171 668 219 Phuni
681 167 829 218 sucatum

141 335 193 390 242
255 324 338 402 (92.)
353 321 469 384 Hedera
480 324 578 382 necari
593 323 714 396 arbores
728 332 836 384 certum
849 331 903 382 est.
930 321 1021 384 simile
1037 320 1167 399 quiddam
1249 351 1250 404 p

185 418 213 468 et
235 409 263 466 in
283 408 382 482 visco,
408 409 521 468 tametsi
541 408 696 467 tardiorem
720 407 847 466 iniuriam
869 424 966 466 earum
988 405 1167 466 arbitrantur.
1249 405 1250 480 l

183 506 304 570 namque
319 499 348 550 et
364 491 420 552 boc
435 499 552 569 praeter
566 489 675 550 imatus
690 471 873 566 adgnosciiur
889 507 945 550 non
964 490 992 549 in
1007 488 1168 549 novissimis
1249 509 1250 535 l

142 584 193 638 244
203 575 344 640 mirabile.
374 575 512 652 quaedam
526 574 599 632 enim
619 575 647 632 in
667 583 745 633 terra
765 573 844 650 gigni
864 589 922 634 non
937 581 1073 653 possunt,
1093 581 1123 631 et
1141 573 1168 630 in

185 658 335 719 arboribus
350 667 511 718 nascuntur.
538 674 658 734 namque
675 673 738 716 cum
753 673 831 716 suam
846 658 945 718 sedem
960 673 1016 717 non
1033 655 1191 730 babeant,s

184 745 213 802 in
230 743 323 803 aliona
337 742 444 815 vivont,
460 741 532 800 sicut
546 741 654 798 viscum
671 747 700 798 et
714 741 743 798 in
757 740 840 814 Syria
854 741 944 801 barba
960 757 1032 819 quae
1049 749 1169 800 vocatur
1250 784 1251 820 ,

186 828 318 902 cadytas,
335 841 391 883 non
408 831 511 883 tantum
527 822 677 883 arboribus
692 823 745 883 sed
761 824 831 902 ipsis
846 825 930 883 etiam
945 826 1035 902 spinis
1051 823 1169 884 circum-
1250 823 1251 898 l

185 911 306 971 volvens
324 923 401 981 sese,
417 907 483 965 item
503 907 580 966 circa
593 904 886 985 lsmpa'lbessalioa
902 925 976 986 quae
990 905 1170 985 polypodion
1250 913 1251 970 ζ

185 1003 304 1055 vocatur
319 999 347 1050 et
361 1006 435 1068 quae
450 988 581 1049 dolichos
596 1007 631 1050 ac
645 990 814 1068 serpyllum.
845 990 973 1051 oleastro
989 1006 1104 1068 quoque
1119 989 1169 1050 de·

185 1085 283 1156 putato
307 1072 382 1151 quod
403 1073 537 1149 gignatur
551 1083 657 1134 vocant
677 1072 816 1151 pbaunos.
847 1074 924 1152 quod
946 1090 1017 1134 varo
1037 1074 1065 1133 in
1086 1074 1168 1151 spina
1179 1087 1203 1128 so

185 1157 303 1219 iullonia
312 1155 554 1234 hippophaeston,
563 1157 711 1217 cauliculis
721 1156 861 1232 inanibus,
870 1158 947 1217 loliis
955 1157 1061 1235 parvis,
1071 1157 1171 1218 radice

185 1241 267 1314 alba,
287 1239 366 1298 cuius
383 1256 470 1300 sucus
487 1239 522 1300 ad
537 1240 731 1301 detractiones
752 1241 780 1300 in
801 1241 935 1301 comitiali
957 1240 1058 1300 morbo
1079 1240 1169 1304 aulis·

186 1326 271 1384 simus
286 1322 416 1382 babetur.
450 1313 454 1334 ’

143 1419 194 1474 245
258 1407 340 1487 (93.)
362 1406 442 1467 Visci
459 1407 512 1468 tria
529 1401 646 1485 seuera.
678 1423 800 1485 namquo
814 1407 842 1466 in
857 1404 964 1483 abiete,
980 1407 1069 1468 larice
1084 1407 1171 1466 stelin

185 1491 253 1553 dicit
263 1489 383 1552 Euboea
394 1490 485 1567 nasci,
497 1489 627 1569 bypbear
638 1488 772 1565 brasiis,
780 1491 889 1550 viscum
901 1499 995 1550 autem
1006 1493 1034 1551 in
1046 1508 1166 1569 quercu,
1178 1510 1202 1550 rs
1251 1493 1252 1502 ’

186 1575 292 1636 robore
299 1619 309 1652 ‚
326 1574 410 1650 ilice,
426 1591 517 1652 pruno
529 1573 672 1650 silvestri,
684 1572 862 1650 terebintho,
876 1591 931 1633 uec
942 1574 1005 1634 aliis
1016 1573 1171 1634 arboribus

186 1658 322 1735 adgnasci
334 1658 475 1737 plerique.
488 1658 716 1737 copiosissimum
724 1657 753 1715 in
761 1672 869 1735 quercu
881 1656 1043 1736 adaspbear
1053 1665 1170 1718 vocant.

186 1744 214 1802 in
229 1743 304 1803 omni
319 1741 423 1802 arbore
440 1750 562 1820 excepta
574 1741 640 1801 ilice
656 1750 685 1800 et
697 1739 1004 1820 quercudid‘erentiam
1016 1741 1172 1802 facitodor

185 1827 321 1904 vimsque
336 1834 365 1884 et
378 1825 478 1885 lolium
493 1841 549 1883 non
564 1824 677 1892 incundi
698 1823 813 1899 odoris,
834 1831 957 1901 utroque
976 1825 1048 1884 visci
1070 1841 1170 1885 amaro

143 1909 339 1974 2464414444.
370 1907 500 1986 bypbear
517 1907 552 1968 ad
567 1908 721 1984 saginanda
737 1925 845 1986 pecora
859 1908 964 1968 utilius.
999 1909 1067 1967 vitia
1081 1909 1204 1968 modom

186 2000 289 2072 purgat
310 1991 419 2068 primo,
442 1991 508 2051 dein
534 1991 712 2069 pinguefacit
732 1991 973 2070 quaetsuliecsre
993 1991 1170 2070 purgationi,
1252 2043 1253 2046 ,

184 2075 288 2154 quibus
302 2076 341 2133 sit
355 2074 450 2153 aliqua
464 2073 546 2134 tabes
557 2075 631 2135 intus
645 2084 750 2152 negant
760 2074 874 2134 durare.
903 2091 938 2134 ea
948 2073 1080 2134 medendi
1094 2077 1171 2137 ratio
1252 2071 1253 2124 ἶ

186 2158 304 2219 aestatis
320 2157 510 2236 quadragenis
525 2157 635 2218 diebus.
667 2157 791 2218 adiciunt
806 2157 958 2216 discrimen
977 2158 1059 2216 visco
1077 2158 1105 2215 in
1125 2159 1172 2220 his

187 2259 261 2321 quae
279 2240 348 2302 iolla
369 2241 495 2301 amittant
515 2249 544 2300 et
565 2242 621 2319 ipsi
641 2241 795 2313 decidere,
819 2247 918 2297 contra
934 2238 1084 2298 inhaerere
1100 2253 1172 2304 nato

145 2333 195 2389 247
207 2327 235 2385 in
248 2332 365 2385 aeterna
380 2324 491 2384 fronde.
514 2322 633 2382 Omnino
644 2331 738 2382 autem
752 2330 842 2381 satum
854 2321 931 2380 nullo
943 2321 1027 2381 modo
1041 2325 1204 2385 nascituras

186 2426 241 2468 nec
262 2407 315 2466 nisi
337 2425 390 2484 per
413 2406 507 2466 alvom
529 2405 620 2465 avium
639 2403 797 2485 redditum,
819 2421 949 2464 maxume
971 2405 1111 2483 palumbis
1133 2427 1172 2470 ao

186 2489 284 2550 turdis.
321 2488 394 2549 haec
413 2497 458 2548 est
478 2495 576 2547 natura
596 2496 625 2547 nt
643 2487 697 2546 nisi
717 2496 883 2547 maturatum
903 2488 932 2547 in
952 2498 1053 2550 ventre
1074 2490 1170 2552 avium

185 2589 243 2632 non
257 2572 414 2650 proveniat.
449 2570 566 2631 altitudo
582 2572 644 2630 eius
662 2587 718 2628 non
734 2571 849 2630 excedit
864 2570 1033 2648 cubitalem,
1050 2591 1171 2651 semper

186 2655 335 2714 frutectosi
352 2671 387 2714 44
402 2653 509 2714 viridis.
539 2671 599 2713 mas
612 2653 731 2729 fertilis,
749 2652 853 2714 lamina
871 2655 987 2716 sterilis.
1018 2656 1072 2717 nisi
1088 2657 1170 2734 quod

187 2747 216 2798 et
229 2738 332 2799 fertilis
346 2737 497 2815 aliquando
514 2754 570 2798 noo
585 2737 650 2796 lert.
1178 2755 1205 2796 so

144 2830 195 2886 248
257 2820 341 2900 (94.)
357 2820 479 2881 ,Viscum
493 2820 580 2881 coniit
599 2838 637 2880 ex
660 2820 749 2880 acinis
769 2821 816 2898 qui
838 2819 1011 2897 colliguntur
1031 2822 1170 2884 messium

185 2914 314 2983 tempora
329 2905 468 2964 inmutari.
495 2921 558 2965 narn
573 2904 597 2962 si
608 2921 762 2964 accessere
776 2903 893 2979 imbres,
906 2905 1087 2983 amplitudine
1103 2909 1168 2983 qui·

186 2989 250 3049 dem
269 2995 426 3063 augentur,
446 2987 527 3047 risco
543 3003 613 3046 vero
629 2994 817 3048 marcescunt.
848 2988 989 3048 siccantur
1011 2987 1113 3051 deinde
1137 2999 1170 3050 et

186 3071 256 3131 aridi
271 3071 422 3131 tunduntur
437 3086 472 3130 ao
486 3069 592 3130 conditi
606 3070 634 3129 in
657 3087 730 3149 aqua
749 3077 916 3147 putrescunt
940 3069 1078 3130 duodenis
1100 3071 1167 3132 iere

185 3154 297 3228 diebus,
307 3170 447 3230 unumque
459 3152 515 3213 boc
527 3170 620 3214 rernm
629 3152 822 3231 putrescendo
834 3153 952 3229 gratiam
963 3153 1077 3214 inuenit.
1097 3154 1167 3216 inde
1177 3170 1205 3214 as

185 3238 214 3295 in
231 3235 401 3315 profluente,
413 3253 511 3297 rursus
521 3235 626 3296 malleo
638 3237 722 3310 tunsi,
734 3236 846 3296 arnissis
859 3236 1014 3297 corticibus
1024 3238 1167 3298 interiore

185 3335 270 3378 carne
286 3317 455 3398 lentescunt.
481 3318 537 3379 bon
552 3328 596 3379 est
610 3320 719 3400 viscum
734 3319 825 3397 pinnis
842 3320 933 3380 avion
948 3328 1024 3382 tacto
1038 3319 1166 3398 ligandis

186 3400 252 3462 oleo
266 3400 424 3481 subactum,
439 3419 502 3464 cnm
514 3400 602 3464 libeat
616 3402 732 3464 insidias
745 3402 848 3466 moliri.
943 3401 947 3410 '
