2534 3866
183 171 223 232 58
520 177 550 226 o.
567 177 667 238 annun,
679 174 826 226 snouuur

182 329 335 408 gallinacei
351 329 485 406 generis,
503 345 587 406 quarn
602 331 727 388 minume
737 329 889 403 rimosum,
910 343 946 386 ne
958 334 1112 405 penetrans
1124 328 1172 388 sol
1252 319 1253 330 ’

143 425 176 478 70
187 422 288 473 exurat
303 412 400 474 libras.
433 412 586 472 intervallo
602 413 805 491 sesquipedum
821 412 901 492 seri,
922 429 986 470 narn
1000 411 1025 468 sl
1042 411 1116 492 iuter
1136 429 1172 470 se

161 515 166 526 ·
184 498 359 574 contingant,
375 505 491 575 praeter
504 494 561 554 alia
574 496 642 554 vitia
660 497 744 555 etiam
756 496 918 554 verminosa
934 494 1012 553 liunt.
1041 493 1108 552 ideo
1125 511 1169 553 sa·

182 573 234 640 riri
251 582 384 642 convenit
400 578 516 656 saepius
529 577 694 656 herbasque
706 579 804 653 evelli,
816 586 968 655 praeterea
981 577 1090 638 semina
1105 578 1170 655 ipsa

99 659 101 664 ’
142 673 172 729 tl
188 665 349 726 fruticantia
369 659 525 742 supputare
548 679 583 720 ac
602 661 706 722 lalcem
727 663 786 738 pati
807 677 1011 720 consuescere.
1046 657 1117 720 Cato
1138 670 1192 722 ets
1254 675 1255 736 l

184 751 273 810 lurcis
298 749 383 808 cratis
406 746 503 823 inponi
524 744 602 803 iubet
621 743 768 802 altitudine
789 744 926 820 hominis,
950 743 986 803 ad
1009 743 1101 802 solem
1123 762 1169 803 re·
1254 745 1255 794 ἶ

185 833 346 912 cipiendum
361 839 447 908 atque
463 829 551 904 integi
573 827 667 886 culmo
677 827 726 886 -ad
744 828 852 904 frigora
867 827 1001 886 arcenda.
1035 828 1078 886 sio
1090 829 1170 904 piro·
1254 823 1255 838 ¹

184 936 246 978 rum
260 914 453 991 malorumque
468 913 576 978 semina
587 911 696 985 nutriri,
709 912 752 970 sic
766 912 866 988 pineas
878 927 977 986 nuces,
993 911 1036 970 sio
1051 927 1170 988 cupres-

186 1018 236 1060 sos
251 998 357 1057 semine
374 1003 450 1054 satas
467 1003 496 1053 et
511 996 599 1072 ipsas.
630 995 758 1053 minumis
772 994 800 1054 id
814 995 911 1070 granis
927 1002 1053 1071 constat,
1075 1003 1105 1053 ut
1118 997 1170 1054 vix
1255 982 1256 1058 l

144 1094 178 1148 ta
189 1081 315 1163 perspici
335 1077 474 1156 quaedam
499 1079 620 1157 possint.
656 1076 721 1137 Non
743 1078 926 1138 omittendum
946 1084 1063 1136 naturae
1084 1080 1206 1137 mira-ro
1255 1085 1256 1092 ’

186 1165 278 1226 culum
294 1179 311 1219 e
325 1171 381 1220 tam
396 1175 487 1238 parvo
496 1161 576 1237 gigni
588 1161 708 1220 arbores
720 1170 797 1220 tanto
808 1162 917 1220 maiore
928 1160 1014 1220 tritici
1026 1169 1055 1219 et
1066 1160 1169 1242 hordei

185 1263 285 1326 grano,
301 1263 336 1302 ne
353 1245 415 1322 quis
430 1244 524 1304 labam
538 1253 662 1321 reputet.
693 1245 759 1322 quid
778 1243 870 1302 simile
892 1244 1011 1320 originis
1033 1261 1103 1303 suae
1119 1245 1168 1304 ha·

184 1333 254 1393 bant
268 1328 405 1388 malorum
419 1330 602 1407 pirorumque
618 1324 745 1388 semina?
770 1327 814 1386 his
827 1327 973 1405 principiis
984 1317 1169 1405 respuentem
1256 1359 1257 1382 1

185 1413 295 1474 securis
310 1413 456 1471 materiam
470 1412 565 1486 nasci,
585 1410 719 1470 indomita
733 1410 909 1488 ponderibus
924 1411 1059 1471 inmensis
1075 1411 1167 1488 prela,

183 1495 409 1571 arboresvells,
430 1495 555 1554 turribus
579 1496 722 1571 murisque
747 1493 918 1571 inpellendis
938 1491 1067 1554 arietes?
1093 1495 1204 1554 baccas

187 1587 231 1640 est
245 1587 361 1639 naturae
370 1579 425 1653 vis,
441 1578 514 1638 haec
530 1579 665 1655 potentia.
691 1594 779 1654 super
794 1579 886 1638 omnia
897 1579 979 1636 erite
992 1577 1106 1637 lacrima
1119 1595 1167 1636 ua·
1257 1592 1258 1646 ι

87 1661 92 1672 ’
144 1661 252 1741 ualidi}
263 1663 305 1722 sci
317 1661 434 1739 aliquid,
446 1669 476 1720 nt
487 1678 540 1720 suo
558 1661 625 1720 loco
640 1659 780 1730 dicemus,
792 1659 871 1738 llrgo
884 1677 1051 1738 conpresso
1063 1661 1168 1721 femina
1257 1657 1258 1660 ’

148 1748 275 1814 (ιιιιηὲ-
288 1764 347 1806 mas
363 1745 446 1820 enim,
467 1753 498 1804 ut
511 1745 648 1818 diximus,
662 1759 720 1803 non
735 1744 826 1821 gignit
841 1778 883 1788 -
899 1744 1005 1822 pilulae
1023 1745 1167 1804 collectae

155 1829 290 1906 aquibus
311 1828 396 1888 docui
419 1826 563 1886 mensibus
586 1828 728 1886 siccantur
751 1828 831 1906 sple,
859 1836 1018 1905 raptaeque
1040 1830 1168 1888 emittunt

187 1929 285 1972 semen
299 1910 426 1970 torminis
439 1912 510 1969 mire
526 1911 693 1988 expetitum,
706 1912 839 1989 ampliato
857 1911 940 1970 etiarn
955 1912 1091 1972 miraculo
1106 1921 1165 1972 tan·
1176 1930 1203 1969 uo

186 1995 237 2053 tuli
252 1994 379 2052 animalis
394 1991 461 2053 cibo
477 1993 585 2054 absumi
598 1994 722 2054 natalem
736 2004 873 2054 tantarum
889 1994 1030 2054 arborum.
1063 1996 1168 2054 seritur

188 2076 281 2156 Aprili
302 2094 417 2152 mense,
439 2094 505 2136 area
528 2085 649 2155 aequata
668 2077 804 2152 cylindris
825 2087 872 2137 aut
886 2078 1022 2154 volgiolis
1038 2077 1167 2155 densum,

146 2167 180 2221 ta
191 2168 325 2240 terraque
339 2160 438 2220 cribris
449 2162 694 2238 superincernitur
708 2160 823 2238 pollicis
838 2163 1034 2221 crassitudine.
1061 2159 1167 2221 Contra

186 2245 298 2306 inmane
315 2245 426 2322 pondus
441 2243 573 2304 attollere
585 2262 617 2303 se
631 2259 688 2302 non
697 2243 775 2303 valet
793 2253 999 2322 torqueturque
1014 2242 1166 2304 subterra.

187 2328 225 2388 oh
241 2327 297 2388 hoo
310 2337 339 2386 et
354 2326 466 2404 paritur
479 2328 619 2402 vestigiis.
649 2326 752 2386 leuiter
771 2329 878 2404 rigatur
897 2327 999 2387 asolis
1017 2345 1124 2388 occasu
1139 2329 1202 2387 inu

133 2467 136 2474 .
187 2412 268 2471 trinis
284 2409 396 2485 dicbus,
407 2417 436 2467 nt
451 2409 609 2486 aequaliter
624 2408 712 2485 bibat,
725 2410 819 2470 donec
828 2419 982 2488 erumpant.
1000 2411 1169 2472 differuntur

133 2553 138 2560 ,
158 2543 168 2564 ,
186 2500 254 2571 post
269 2509 369 2552 annum
384 2490 543 2551 dodrantali
558 2491 617 2568 lilo,
633 2492 773 2553 custodita
788 2495 927 2572 temperie
944 2502 973 2552 ut
990 2494 1071 2552 viridi
1084 2495 1168 2554 caelo

188 2583 320 2634 serantur
332 2593 367 2634 ac
381 2575 442 2634 sine
461 2591 539 2634 aura.
566 2577 722 2653 mirumque
738 2576 823 2649 dictu,
835 2577 992 2655 periculum
1008 2593 1044 2635 eo
1060 2573 1169 2636 tantam

188 2657 234 2718 die
251 2659 309 2732 est,
331 2661 355 2717 si
375 2659 481 2717 roravit
495 2659 778 2737 quantulumcumque
798 2660 923 2736 imbrem,
937 2669 985 2719 aut
1001 2660 1025 2720 si
1041 2660 1166 2721 adflavit.

187 2741 224 2800 de
248 2741 358 2820 reliquo
379 2750 455 2802 tutae
475 2751 539 2801 sunt
554 2751 695 2820 perpetua
719 2745 871 2803 securitate
893 2759 1039 2823 aquasque
1061 2753 1203 2821 posteaco

148 2830 180 2885 to
192 2825 291 2884 odere.
317 2824 355 2883 llt
369 2823 477 2903 zizipha
493 2841 581 2902 granu
595 2835 727 2885 seruntur
740 2825 832 2903 Aprili
845 2843 952 2886 mense.
978 2826 1095 2887 tubures
1106 2845 1166 2886 me·

187 2909 242 2978 lius
256 2910 417 2968 inseruntur
431 2909 460 2967 in
474 2924 564 2986 pruno
579 2907 704 2969 silvestri
721 2918 749 2968 et
762 2908 836 2967 malo
854 2917 978 2969 cotoneo
996 2919 1025 2969 et
1045 2910 1073 2969 iu
1088 2908 1165 2971 cala·

125 3009 127 3018 ¹
186 2991 277 3051 hrice.
307 3009 341 3051 ea
358 2998 403 3050 est
418 2991 497 3068 spina
514 2990 665 3051 silvestris.
688 3008 882 3070 quaecumque
896 3003 1012 3070 optume
1024 3001 1054 3052 ct
1065 3011 1167 3067 myxas

187 3075 299 3152 recipit,
316 3074 422 3134 utiliter
437 3082 465 3133 et
475 3072 589 3134 sorhos.
612 3078 660 3136 11.
672 3075 785 3134 Plantas
797 3092 833 3133 en
846 3077 996 3136 seminario
1007 3078 1165 3136 transferre

187 3159 216 3216 in
231 3157 307 3217 aliud
322 3159 484 3236 priusquam
501 3174 553 3217 suo
569 3159 636 3218 loco
651 3166 791 3235 ponantur
805 3175 930 3236 operose
946 3161 1073 3238 praecipi
1089 3159 1202 3225 arbi-as

187 3248 259 3314 tror,
278 3241 344 3299 licet
359 3239 544 3300 translatione
558 3241 627 3301 lolia
643 3242 744 3300 latiora
760 3239 822 3307 heri
837 3242 1005 3316 spondeant.

147 3331 181 3385 76
252 3323 336 3401 (15.)
356 3322 511 3398 Ulmorum,
529 3325 691 3400 priusquam
705 3322 782 3383 loliis
797 3323 962 3401 vestiantur,
978 3340 1087 3385 samara
1102 3325 1165 3386 col-

188 3404 301 3481 ligenda
311 3413 355 3466 est
364 3404 562 3469 circallamias
574 3405 723 3481 kalendas,
732 3422 794 3466 cum
803 3403 962 3468 flavescere
974 3407 1081 3486 incipit.
1098 3408 1167 3470 dein
