2538 3864
171 178 234 240 216
524 185 554 236 6.
573 185 830 238 6661666666

170 363 223 406 nes
239 361 278 403 ex
291 357 383 421 posca
398 340 528 441 pollere,
548 340 639 404 tribus
659 341 737 402 loliis
759 360 797 402 ss
815 339 883 402 oleo
899 353 1039 421 peruncto
1055 345 1167 408 bomine

170 428 264 512 iugari
280 426 434 505 serpentis

100 523 179 578 ’172
234 510 320 590 (64.)
343 509 368 569 Ε
387 511 531 569 corbario
549 527 623 587 quae
638 510 734 570 mollis
757 520 893 588 vocatur,
916 512 1103 590 pilosioribus
1125 515 1167 574 lo-

170 597 216 657 liis
235 613 271 656 ac
293 596 379 655 ramis
401 602 432 653 et
435 581 608 671 aculeatis,
624 595 690 653 trita
705 594 800 654 mellis
816 593 936 654 odorem
949 596 1052 674 habet,
1075 597 1167 676 digitis

169 689 249 741 tactu
273 679 335 739 eius
359 676 599 753 cohaerentibus,
623 677 714 738 altera
733 680 822 755 turis,
847 695 931 757 quam
949 679 1105 743 libanotida
1120 700 1188 760 spu

128 786 155 831 ιι,
166 786 201 822 ιιι
219 763 399 843 pellavimus.
422 761 554 821 medetur
570 768 692 838 utraque
709 771 810 822 contra
826 764 973 840 serpentis
988 783 1026 824 ex
1040 767 1106 826 vino
1122 766 1169 828 uel

170 857 272 923 aceto,
289 846 403 926 pulices
419 847 504 906 etiam
519 845 658 918 contritae
673 861 736 904 cunr
750 863 825 924 aqua
839 863 960 924 sparsae
974 858 1088 910 necant.

127 942 179 998 173
233 931 320 1011 (65.)
348 930 447 990 Satira
469 944 584 1006 quoque
609 945 679 989 suos
700 947 769 988 usus
792 928 890 989 habet.
918 949 1005 991 sucus
1027 935 1091 994 eius
1108 951 1169 992 cum

169 1032 296 1077 rosaceo
312 1013 455 1074 auriculas
470 1013 565 1088 iurat,
581 1012 646 1089 ipsa
662 1011 698 1072 ad
713 1013 787 1073 ictus
804 1011 919 1073 bibitur.
940 1015 972 1075 lit
988 1033 1027 1075 ex
1042 1035 1078 1078 ea
1091 1033 1168 1076 mon·

168 1110 252 1176 tana,
276 1095 406 1174 serpyllo
421 1093 541 1173 similis,
560 1095 667 1156 efficax
681 1107 782 1158 contra
800 1099 954 1196 serpentis.
986 1101 1097 1160 urinam
1110 1117 1170 1160 66-.
1158 1115 1201 1156 -so

168 1193 235 1256 vet,
259 1187 363 1259 purgat
377 1195 394 1237 6
414 1187 497 1256 partu
511 1179 658 1240 mulieres.
689 1182 910 1241 concoctionem
924 1184 1010 1242 mire
1007 1184 1126 1244 adiuvat
1140 1192 1172 1242 et

169 1265 334 1328 aviditatem
356 1259 392 1320 ad
416 1261 499 1321 cibos
513 1271 654 1340 utraque,
676 1263 754 1322 vel
746 1282 774 1321 rn
795 1263 963 1324 cruditate
953 1267 1057 1326 reiunis
1075 1269 1103 1327 in
1118 1283 1171 1345 po-

107 1402 114 1413 .
168 1351 246 1410 tione
270 1344 421 1444 adspersa.
459 1344 563 1403 luxatis
586 1361 703 1421 quoque
725 1345 819 1420 utilis,
846 1354 946 1406 contra
966 1365 1122 1424 vesparum
1143 1359 1174 1410 et

169 1429 269 1492 similis
283 1429 374 1504 ictus,
398 1443 436 1486 ex
452 1425 543 1487 farina
563 1426 730 1486 hordeacea
752 1436 781 1485 et
795 1443 886 1504 posca
903 1427 1063 1490 utilissima.
1098 1433 1173 1492 liba-

168 1512 273 1574 notidis
289 1511 345 1572 alia
362 1527 471 1588 genera
485 1511 544 1569 suis
556 1510 630 1569 locis
645 1509 785 1570 dicentur.
1185 1531 1205 1572 ιι

127 1609 177 1666 174
232 1599 282 1658 17.
313 1595 395 1676 (66.)
415 1594 566 1673 Piperitis,
590 1611 674 1672 quam
690 1603 719 1654 et
734 1593 962 1672 siliquastruma
984 1596 1172 1675 pellavimus,

127 1685 156 1727 ¹⁰¹
170 1683 319 1744 ¹⁸⁷contra
337 1678 457 1740 morbos
478 1677 630 1738 comitialis
653 1676 768 1738 bibitur
807 1676 912 1740 Castor
934 1614 1030 1740 taddter
1051 1681 1171 1742 demon-

169 1766 295 1828 strabat:
318 1763 402 1826 caule
421 1761 509 1822 rubro
529 1770 559 1822 et
574 1761 679 1860 longo,
703 1761 800 1822 densis
815 1763 976 1861 geniculis,
993 1763 1071 1824 loliis
1087 1765 1171 1842 lauri,

171 1852 280 1912 semine
296 1847 363 1908 albo
371 1847 491 1923 ,tenui,
507 1854 593 1923 gustu
609 1847 735 1924 piperis,
751 1845 850 1906 utilem
866 1847 1008 1924 gingivis,
1026 1847 1171 1927 dentibus,

170 1936 228 1996 oris
247 1931 379 1992 suavitati
395 1939 425 1990 et
439 1929 589 1990 ructibus.
1180 1950 1205 1990 uo

129 2029 179 2084 175
234 2015 319 2093 (67.)
347 2011 502 2092 Origanum
522 2011 631 2092 6666
621 2030 651 2071 ιιι
670 2029 776 2090 sapore
798 2013 920 2073 cunilam
943 2014 1119 2094 aemulatur,
1139 2005 1173 2076 dt

129 2121 158 2161 ιι,
169 2118 203 2157 ιιι
225 2097 362 2172 diximus,
381 2097 464 2176 plura
475 2115 584 2174 genera
595 2115 623 2155 ι6
634 2096 776 2156 mcdrcrna
791 2095 889 2157 habet.
911 2100 1023 2175 onitirn,
1042 2099 1091 2160 alii
1103 2118 1171 2178 pra·

171 2181 236 2242 sion
261 2181 409 2280 appellant
437 2197 495 2242 666
517 2179 655 2241 dissimile
681 2178 807 2257 hysopo.
852 2181 985 2259 privatim
1010 2183 1072 2242 eius
1099 2201 1171 2243 usus
1254 2205 1255 2208 ¹

171 2274 271 2326 contra
286 2266 419 2326 rosiones
438 2261 601 2324 stomachi
591 2281 620 2322 ιιι
637 2263 735 2360 tepida
750 2280 822 2341 aqua
838 2271 867 2322 et
884 2272 983 2325 contra
1000 2266 1171 2366 cruditates,

171 2367 294 2410 araneos
320 2348 551 2426 scorpionesque
576 2347 606 2406 in
629 2347 695 2404 vino
722 2345 806 2423 albo,
833 2345 929 2410 luxata
951 2349 1010 2408 et
1000 2367 1117 2409 incussa
1141 2337 1240 2412 666.

122 2473 125 2486 ·
170 2443 255 2495 aceto
273 2441 302 2492 ct
319 2431 386 2491 6166
403 2429 521 2490 66..166ι

126 2525 178 2580 176
232 2511 316 2611 (68.)
342 2511 568 2588 Tragoriganum
582 2509 701 2570 similius
722 2520 768 2572 est
785 2511 915 2591 serpyllo
937 2514 1073 2574 silvestri.
1110 2519 1173 2576 uri-

166 2617 232 2659 nam
250 2597 322 2672 ciet,
338 2606 464 2655 tumores
483 2594 613 2669 discutit,
638 2602 738 2654 contra
751 2613 860 2655 vrscum
875 2603 974 2674 potum
988 2599 1174 2678 viperaeque

165 2684 254 2741 ictum
271 2679 516 2754 efficacissimum,
533 2677 682 2738 stomacho
697 2679 779 2740 acida
794 2681 915 2740 ructanti
930 2689 959 2740 ct
974 2683 1171 2782 praecordiis.

166 2763 354 2826 tussientibus
380 2779 495 2842 quoque
515 2777 579 2821 cum
598 2761 686 2823 melle
710 2761 791 2823 datur
812 2772 841 2822 et
860 2752 1020 2842 pleuriticis
1041 2773 1069 2825 et
1089 2769 1172 2846 peri·
1185 2787 1212 2828 ao

187 2847 367 2910 lenmonicis

125 2866 184 2995 liip
232 2932 339 3012 (69.)
345 2929 509 2990 Heraclium
529 2945 646 3007 quoque
664 2929 718 2989 tria
737 2943 846 3006 genera
866 2927 968 2990 habet:
992 2931 1129 3016 nigrius
1127 2933 1173 2993 la-

167 3015 289 3076 tioribus
322 3013 418 3090 loliis,
449 3013 639 3090 glutinosum,
672 3013 792 3072 alterum
821 3013 1006 3090 exilioribus,
1040 2999 1174 3094 mollius,

166 3097 341 3184 sampsucho
357 3114 414 3157 non
432 3095 570 3155 dissimile
577 3095 681 3173 q,uod
695 3095 783 3193 aliqui
798 3097 916 3174 prasion
927 3112 1035 3158 vocare
1046 3098 1174 3160 malunt.

166 3185 279 3242 tertium
301 3190 346 3240 est
368 3182 443 3240 inter
464 3179 539 3239 haec
561 3137 810 3257 rdedium,1ninus
832 3198 916 3258 quam
931 3189 1031 3242 cetera
1045 3181 1171 3244 efficax.
1185 3203 1214 3244 ss

165 3274 311 3344 optumum
328 3262 489 3339 Creticum,
512 3278 576 3320 narn
593 3271 623 3322 et
637 3261 759 3322 iucunde
774 3263 844 3323 olet.
881 3278 1048 3342 proxumum
1064 3263 1173 3342 Zmyr·

58 3369 67 3390 ¹
164 3364 266 3407 naeum
283 3346 418 3423 odorlus,
440 3343 673 3406 Heracleoticum
687 3344 723 3406 ad
740 3356 836 3425 potum
853 3347 963 3425 utilius,
983 3348 1060 3427 qnod
1076 3351 1175 3410 onitin

123 3437 174 3495 178
185 3439 299 3490 vocant.
334 3430 489 3492 communis
511 3436 604 3490 antem
623 3446 691 3488 usus
707 3431 852 3509 serpentis
870 3431 991 3510 fugare,
1013 3436 1174 3510 percussis
