2552 3866
126 171 134 184 ¹
161 197 231 265 124⁵
495 213 526 262 c.
545 213 640 261 emur
657 212 806 262 saeuum

157 370 301 429 inventum
315 375 370 426 est.
407 365 513 443 Purget
532 381 679 425 vomerem
700 364 820 425 subinde
834 363 963 424 stimulus
979 365 1146 444 ouspldatus

157 452 241 512 rallo.
275 467 389 510 scamna
403 450 478 508 inter
491 448 563 508 duos
580 449 680 509 suleos
694 448 781 509 oruda
795 467 831 508 ne
843 449 1050 527 relinquantur,
1064 449 1147 526 glae-

157 535 213 596 bae
242 552 279 594 ne
301 533 456 593 exsultent.
495 530 571 612 blale
587 541 683 592 aratur
699 549 798 593 arvom
824 532 900 610 quod
922 533 991 592 satis
1015 531 1146 610 frugibus

157 618 314 679 occandum
329 625 383 677 est.
412 617 441 676 id
459 616 569 676 demum
583 622 665 674 reete
683 615 831 676 subactum
845 617 900 675 erit
916 615 964 674 nbi
985 631 1042 676 non
1063 618 1145 678 intel·
1272 651 1273 660 κ

157 703 271 780 legetur
285 710 350 761 utro
364 693 467 760 somer
478 699 553 758 ierit.
579 697 611 758 ln
626 716 677 757 usn
694 708 739 758 est
754 708 783 759 et
797 698 935 759 eonlieias
947 702 1144 779 interponere,
1159 721 1173 763 u
1272 719 1273 774 ,

156 787 181 846 si
206 787 244 844 ita
261 785 344 845 loous
366 790 482 862 poseat,
504 781 644 859 ampliore
666 782 765 858 suleo,
789 798 863 859 quae
879 785 907 841 in
926 782 1023 843 lessus
1044 800 1146 862 aquam

155 869 287 930 edueant.

114 963 166 1018 leo
226 953 276 1014 20.
301 949 342 1029 13]
358 948 497 1009 Aratione
523 965 577 1026 per
600 955 761 1006 traversum
788 947 889 1008 iterata
915 951 1029 1008 oeoatio
1049 951 1145 1028 sequi·

86 1051 96 1074 0
155 1045 215 1112 tur,
235 1033 283 1094 ubi
298 1049 347 1091 res
362 1032 467 1109 possit,
484 1040 563 1091 erate
578 1030 627 1090 vel
640 1039 753 1104 rastro,
773 1038 803 1089 et
818 1039 881 1091 sato
896 1032 1005 1091 senine
1018 1033 1144 1108 iteratio,

154 1120 228 1179 haee
247 1132 362 1196 quoque
376 1113 425 1173 ubi
446 1113 624 1174 consuetudo
648 1091 771 1192 patitui,
794 1122 874 1174 erate
890 1123 1024 1174 contenta
1038 1115 1087 1174 vel
1101 1124 1143 1175 ta·
1155 1131 1181 1173 ro

156 1202 222 1262 bula
236 1208 331 1260 aratro
344 1197 456 1258 adnexa
466 1233 508 1244 -
520 1197 709 1276 quodvooant
722 1198 1013 1276 lirare-operiente
1024 1197 1143 1273 semina,

114 1295 163 1349 181
175 1282 252 1342 unde
279 1283 398 1360 primum
423 1281 570 1360 appellata
595 1280 728 1340 deliratio
753 1289 809 1340 est.
850 1279 958 1354 Quarto
979 1281 1038 1340 seri
1060 1281 1143 1341 suleo

153 1365 300 1442 Vergilius
327 1365 504 1424 existimatur
523 1364 669 1438 voluisse,
693 1381 757 1423 eum
770 1363 842 1424 dixit
856 1374 998 1444 optumam
1013 1381 1081 1424 esse
1098 1383 1144 1426 se·

154 1459 251 1528 getem
265 1465 339 1528 quse
355 1447 401 1507 bis
417 1448 513 1523 soler,
533 1447 577 1506 bis
592 1446 703 1523 frigora
719 1449 870 1508 sensisset.
907 1448 1027 1528 spissius
1039 1448 1143 1524 solnm,

155 1535 228 1592 sieut
249 1532 419 1610 plerumque
432 1532 462 1590 in
479 1529 576 1606 ltalia,
599 1532 696 1608 quinto
717 1530 798 1590 suloo
818 1531 1001 1592 seri·melius
1022 1539 1083 1607 est,
1115 1531 1179 1592 inm

154 1615 257 1676 Tuscis
271 1633 342 1676 vero
363 1631 448 1674 nono.
476 1623 504 1674 at
518 1611 614 1674 labam
628 1622 658 1672 et
673 1614 776 1674 violam
792 1632 849 1674 non
871 1616 1021 1694 proscisso
1043 1632 1144 1674 serere

115 1707 163 1762 182
175 1702 236 1760 sine
258 1700 359 1761 damno
385 1698 574 1777 conpendium
600 1714 708 1774 operae
735 1707 788 1757 est.
832 1699 873 1777 [4]
895 1697 960 1758 Non
982 1699 1145 1758 omittemus
1274 1729 1275 1746 κ

154 1801 236 1844 uuam
251 1785 401 1843 etiamnum
423 1781 520 1842 arandi
534 1783 672 1840 rationem
692 1782 720 1840 in
745 1783 934 1860 transpadana
951 1780 1034 1842 ltalia
1047 1781 1143 1842 bello·

154 1885 215 1928 rum
231 1869 332 1926 iniuria
348 1867 550 1942 excogitatam.
585 1863 694 1946 Salassi
711 1882 774 1926 oum
795 1864 941 1926 subiectos
956 1863 1078 1943 Alpibus
1092 1863 1143 1924 de·

155 1950 360 2028 popularentur
389 1963 493 2024 agros,
527 1948 658 2025 pauioum
686 1948 850 2026 miliumque
881 1950 936 2008 iam
965 1965 1179 2012 excreseensm

154 2041 342 2109 temptavere.
370 2040 523 2109 postquam
538 2029 695 2108 respuebat
708 2040 823 2106 natura,
845 2031 997 2092 inararunt.
1026 2039 1055 2090 at
1074 2031 1143 2093 illae

153 2132 265 2174 messes
283 2113 488 2191 multiplicatae
508 2113 635 2174 doeuere
653 2114 731 2190 quod
754 2131 829 2174 nune
843 2124 950 2175 vocant
963 2123 1090 2190 artrare,
1113 2115 1142 2175 id

154 2205 200 2256 est
220 2205 361 2273 aratrare,
390 2205 420 2256 ut
440 2195 529 2256 eredo
550 2205 618 2257 tune
638 2197 751 2256 dietum.
789 2197 853 2258 boo
868 2198 900 2257 dt
918 2199 968 2258 vel
985 2199 1141 2276 incipiente

113 2288 163 2344 183
176 2281 280 2357 oulmo,
289 2299 353 2341 eum
363 2281 417 2340 iam
429 2283 453 2339 is
467 2279 503 2340 ad
518 2279 584 2339 bina
598 2289 717 2339 ternave
730 2281 857 2340 emiserit
868 2281 946 2341 lolia.
962 2279 1025 2340 Nee
1036 2299 1141 2342 reeens

154 2364 352 2425 subtrahemus
371 2363 532 2440 exemplum
554 2363 582 2422 in
603 2361 760 2421 'l'rererieo
784 2381 855 2440 agro
871 2365 957 2422 tertio
978 2373 1044 2424 ante
1065 2363 1177 2426 bunost

154 2463 254 2508 aunum
269 2455 446 2525 serpentum.
476 2460 541 2504 narn
551 2461 619 2504 enm
632 2443 727 2503 bieme
740 2446 909 2524 praegelida
931 2456 1034 2524 raptae
1054 2465 1140 2525 sege-

152 2540 196 2590 tes
212 2536 326 2604 essent,
349 2535 519 2588 reseverunt
542 2528 627 2587 etiam
652 2544 770 2606 campos
793 2547 892 2589 mense
913 2527 1014 2590 llartio
1029 2530 1140 2590 uberri-

151 2629 270 2691 masque
291 2611 393 2670 messis
406 2609 573 2670 babuerunt.
598 2608 681 2670 Nune
694 2612 806 2692 reliqua
824 2613 934 2673 eultura
945 2612 1072 2674 trudetur
1085 2631 1140 2692 per

151 2711 260 2772 genera
279 2694 400 2770 frugum.
994 2753 996 2760 ¹

111 2787 162 2842 184
223 2778 273 2837 21.
291 2777 373 2857 (50.)
389 2777 552 2855 Siliginem,
572 2776 626 2851 lar,
646 2776 780 2854 triticum,
803 2795 913 2855 semen,
931 2778 1070 2841 hordeum
1087 2795 1136 2839 oo·
1147 2798 1175 2841 so

152 2871 227 2935 eato,
242 2863 341 2936 serite,
355 2870 474 2921 runeato
487 2861 589 2939 quibus
602 2859 707 2921 dietum
719 2863 773 2920 erit
787 2860 898 2922 diebus.
921 2861 1052 2940 singulae
1067 2879 1137 2941 ope·

150 2961 201 3004 rae
217 2946 320 3022 ruique
336 2946 436 3019 generi
455 2945 484 3002 in
496 2946 597 3020 iugero
617 2943 768 3002 sullioient.
800 2943 961 3005 Seroulatio
981 2946 1137 3006 induratum

150 3026 270 3088 hiberno
288 3028 384 3104 rigore
399 3027 455 3085 soli
471 3027 611 3086 tristitiam
625 3026 703 3086 laxat
726 3027 904 3103 temporibus
918 3028 1014 3087 vernis
1030 3044 1136 3089 novos·

151 3129 206 3189 que
235 3112 316 3171 soles
342 3111 469 3171 admittit.
508 3109 556 3186 qui
584 3109 672 3168 sariet
690 3118 792 3168 eareat
811 3127 848 3169 ne
869 3109 1001 3171 frumeuti
1021 3112 1136 3173 radiees

151 3194 303 3255 subfodiat.
335 3193 468 3268 tritioum,
491 3209 605 3268 semen,
627 3191 782 3267 bordeum,
804 3193 898 3253 labam
912 3191 1060 3254 bissarire
1076 3212 1172 3260 meas

109 3277 233 3345 laelius.
265 3275 420 3353 Runeatio,
442 3293 505 3336 eum
527 3293 614 3352 seges
639 3277 667 3333 in
687 3276 809 3336 artieulo
826 3293 893 3336 esse
909 3277 1023 3356 ineipit,
1044 3278 1135 3337 volsis

149 3358 292 3418 inutilibus
307 3358 414 3435 herbis,
436 3360 548 3437 frugum
563 3357 676 3418 radiees
686 3358 812 3419 vindieat
825 3367 1015 3438 segetemque
1026 3359 1134 3418 diseer·

150 3445 221 3502 nitu
242 3443 380 3521 eaespite.
409 3443 590 3520 Leguminum
611 3443 691 3500 eieer
710 3441 809 3502 eadem
825 3458 900 3520 qnae
920 3443 964 3501 lar
979 3440 1133 3502 desiderat.
