2552 3866
1268 119 1269 130 l

1229 161 1233 168 ·
1268 133 1269 202 l

1268 211 1269 218 ,

189 187 248 249 140
522 199 551 247 o.
568 201 664 248 amru
680 200 828 248 saeuam

185 355 324 433 robiginis
345 370 460 413 causam
480 370 547 413 esse
569 363 598 413 et
616 353 782 418 carbunculi
802 354 923 432 vitibus,
944 355 1022 433 quod
1042 371 1080 414 ex
1100 365 1185 434 parte
1269 372 1270 464 p

185 440 288 500 falsum
305 436 439 512 arbitror,
455 453 625 515 omnemque
639 439 788 498 uredinem
802 438 912 515 frigore
926 449 1033 498 tantum
1048 448 1183 499 constare
1269 475 1270 530 p

186 521 249 584 sole
265 521 391 581 innoxio.
421 521 450 580 id
468 521 646 581 maniiestnrn
664 522 714 581 liet
734 521 954 582 attendentibus.
983 539 1047 586 nam
1063 523 1185 601 primum
1269 531 1270 540 ’

186 607 308 667 omnium
324 619 382 663 non
398 605 455 664 hoo
472 606 590 664 evenire
609 607 664 664 nisi
681 606 813 666 noctibus
829 616 857 665 et
870 616 936 666 ante
958 606 1029 665 solis
1050 606 1183 665 ardorem

185 689 419 768 deprehenditur,
435 697 582 767 totumque
597 689 687 748 lunari
702 691 814 749 ratione
830 698 951 764 constat,
969 691 1100 767 quoniam
1115 689 1204 749 talise
1231 763 1233 768 Α
1263 713 1271 816 p

183 775 284 834 iniuria
305 789 362 831 non
381 771 412 831 iit
434 773 488 831 nisi
508 771 661 831 interlunio
683 771 806 850 plenave
828 773 908 851 luna,
927 773 984 832 boc
1000 782 1044 832 est
1060 790 1181 851 praeva-

141 860 277 923 salente.
298 865 421 935 utroque
433 855 509 916 enirn
524 855 621 916 babitu
634 856 721 934 plena
738 866 792 931 est,
805 865 835 915 nt
849 857 965 934 saepias
981 857 1114 933 diximus,
1129 857 1182 916 sed

184 942 336 1002 interlunio
362 957 446 1001 omne
469 940 564 999 lumen
588 940 702 1019 quoda
722 940 786 999 sole
808 942 923 1018 accepit
950 941 1035 999 caelo
1061 942 1180 1018 regerit.

140 1035 191 1092 ato
199 1025 358 1086 differentia
372 1026 519 1104 utriusque
531 1023 645 1083 babitus
655 1041 773 1100 magna,
795 1023 847 1083 sed
870 1023 1030 1083 manifesta.
1060 1041 1182 1101 namque

184 1109 335 1170 interlunio
349 1118 459 1169 aestate
476 1108 649 1168 calidissima
665 1117 720 1183 est,
735 1107 830 1166 bieme
848 1107 953 1184 gelida.
987 1127 1003 1166 e
1021 1107 1137 1167 diverso
1153 1109 1181 1166 in
1191 1123 1216 1164 ro

182 1194 339 1273 plenilunio
351 1201 464 1253 aestate
477 1192 597 1269 frigidas
612 1191 682 1252 iacit
696 1193 806 1265 noctis,
827 1191 922 1250 bieme
940 1191 1063 1269 tepidas.
1092 1207 1182 1251 causa

102 1309 106 1322 ·
183 1277 318 1353 evidens,
337 1277 389 1337 sed
407 1275 461 1337 alia
478 1275 607 1335 redditur
625 1274 783 1336 aFabiano
808 1273 986 1352 Graecisque
1004 1273 1180 1334 auctoribus.

97 1360 108 1376 ⁸
140 1369 191 1426 atr
199 1371 310 1422 aestate
325 1361 399 1420 enirn
416 1360 568 1419 interlunio
584 1376 708 1418 necesse
724 1367 769 1418 est
788 1375 850 1416 cnm
868 1357 932 1417 sole
944 1358 1027 1418 nobis
1039 1375 1182 1436 proxumo

185 1445 293 1506 circulo
309 1453 405 1505 currat
419 1445 488 1522 igne
512 1444 573 1502 eius
596 1444 751 1502 cornminus
772 1450 893 1520 recepto
917 1442 1057 1518 caudens,
1079 1442 1181 1502 eadem

181 1529 332 1591 interlunio
349 1527 424 1588 absit
439 1529 544 1602 bieme,
560 1527 693 1605 quoniam
708 1526 837 1587 abscedit
854 1535 884 1585 et
898 1526 953 1602 sol,
970 1529 1038 1587 item
1049 1528 1077 1584 in
1088 1526 1180 1604 pleni·
1191 1541 1216 1582 aa
1272 1530 1273 1536 ’

183 1615 259 1674 lunio
273 1613 384 1672 aestivo
400 1611 501 1692 procul
516 1609 601 1671 abeat
617 1611 741 1671 adversa
757 1610 829 1688 soli,
852 1611 946 1670 hieme
968 1619 1061 1670 autem
1075 1610 1110 1669 ad
1126 1627 1180 1669 nos

183 1716 236 1777 per
251 1699 390 1758 aestivum
406 1695 543 1755 circulum
555 1695 683 1755 accedat.
711 1713 784 1773 ergo
800 1713 854 1775 per
872 1713 905 1755 se
918 1695 1181 1772 roscidaquotiens

182 1783 277 1859 alget,
293 1781 429 1840 inlinitum
448 1773 583 1857 quantuni
600 1778 652 1838 illo
674 1787 805 1858 ternpore
824 1779 952 1838 cadentis
971 1780 1087 1857 pruinas
1111 1795 1180 1838 con·

204 1866 271 1926 elat.
1273 1916 1274 1922 ,

141 1886 202 2014 278g
256 1947 340 2024 (69.)
364 1945 403 2023 [1]
426 1944 502 2005 Ante
529 1946 622 2014 omnia
646 1954 740 2007 autem
756 1948 811 2008 dno
828 1965 937 2023 genera
958 1963 1025 2006 esse
1041 1945 1213 2006 caelestisne
1269 1949 1274 2018 l,

183 2032 302 2090 iniuriae
317 2029 480 2088 meminisse
497 2029 650 2090 debemus:
681 2049 764 2091 unum
786 2031 863 2108 quod
886 2039 1076 2110 tempestates
1091 2047 1178 2090 voca·

183 2131 263 2189 mus,
287 2115 315 2172 in
331 2111 434 2192 quibus
448 2115 614 2191 grandines,
637 2115 787 2192 procellae
808 2124 964 2193 ceteraque
980 2114 1081 2174 similia
1096 2114 1179 2173 intel·

184 2197 336 2275 leguntur,
359 2214 433 2274 quae
454 2215 517 2268 curu
533 2197 707 2273 acciderint,
727 2199 771 2257 vis
787 2199 878 2257 maior
898 2199 1071 2276 appellatur.
1106 2199 1179 2257 haec

141 2280 205 2365 ,3²,³,·,
215 2281 250 2340 ab
272 2280 396 2341 horridis
422 2280 564 2341 sideribus
587 2289 707 2354 exeunt,
740 2289 770 2340 ut
789 2283 904 2359 saepius
927 2282 1064 2355 diximus,
1090 2281 1179 2341 veluti

140 2373 331 2439 libareturo,
360 2359 483 2438 Orione,
511 2363 620 2422 haedis.
653 2361 708 2421 alia
729 2372 794 2422 sunt
814 2364 863 2424 illa
884 2381 957 2442 quae
973 2364 1077 2424 silente
1094 2366 1213 2426 caelone

184 2449 354 2525 serenisque
371 2443 503 2505 noctibus
518 2445 587 2504 fiunt
601 2444 681 2503 nullo
699 2449 840 2505 sentiente
862 2449 916 2506 nisi
931 2464 994 2506 cum
1011 2448 1177 2510 factasunt.

107 2580 112 2588 .
184 2528 299 2608 publica
314 2529 403 2602 haec,
425 2528 478 2587 sed
499 2537 528 2587 et
544 2545 665 2604 magnae
690 2529 870 2589 differentiae
892 2547 907 2589 a
930 2531 1091 2608 prioribus,
1115 2534 1178 2593 aliis

183 2610 359 2688 robiginem,
381 2611 444 2670 aliis
459 2611 623 2686 uredinem,
645 2611 709 2671 aliis
727 2613 930 2674 carbunculum
952 2616 1177 2692 appellantibus,

185 2695 314 2754 omnibus
329 2710 401 2754 vero
415 2695 604 2754 sterilitatem.
636 2694 681 2754 De
696 2696 739 2756 his
754 2715 828 2757 nuno
843 2697 970 2756 dicemus
985 2716 1001 2758 a
1016 2699 1094 2758 nullo
1110 2709 1177 2760 ante

182 2794 235 2838 nos
249 2779 379 2858 prodita,
401 2778 539 2857 priusq'ue
555 2796 657 2838 causas
673 2780 835 2840 reddemus.
1184 2795 1211 2836 ao

141 2871 192 2927 atio
255 2862 305 2924 29.
330 2863 370 2940 [a]
392 2862 474 2922 Duae
490 2871 554 2921 sunt
569 2871 686 2940 praeter
701 2863 843 2936 lunarem,
865 2864 1023 2940 paucisque
1039 2866 1112 2925 caeli
1133 2867 1176 2926 lo·
1198 2894 1212 2920 a

184 2945 225 3006 ois
241 2955 380 3007 constant.
411 2962 534 3024 namque
553 2946 693 3023 vergiliae
709 2947 839 3026 privatim
859 2947 977 3006 attinent
997 2947 1033 3007 ad
1053 2948 1174 3025 fructus,

182 3040 213 3090 ut
232 3047 349 3111 quarum
371 3038 473 3089 exortu
496 3037 592 3089 aestas
614 3031 745 3108 incipiat,
773 3047 879 3090 occasu
903 3030 1012 3104 hiems,
1041 3037 1175 3092 semestri

183 3116 275 3192 spatio
294 3117 414 3173 intrusa
436 3114 538 3172 messis
558 3113 773 3191 vindemiasque
795 3122 824 3172 et
847 3113 968 3172 omnium
985 3119 1174 3175 maturitatem
1273 3137 1274 3146 ¹

184 3197 397 3274 conplectente.
424 3206 469 3256 est
482 3205 636 3274 praeterea
650 3198 678 3255 in
694 3197 778 3255 caelo
795 3198 843 3274 qui
855 3203 975 3254 vocatur
993 3195 1101 3258 lacteus
1117 3199 1171 3256 cir·
1182 3213 1211 3255 aa

142 3288 192 3342 281
204 3279 301 3356 culus,
325 3280 407 3340 etiam
422 3283 484 3339 visu
502 3279 606 3339 facilis.
636 3280 718 3339 buius
732 3279 855 3340 defluvio
871 3279 952 3337 velut
965 3295 1002 3339 ex
1017 3281 1106 3340 ubere
1122 3281 1173 3342 ali·
1209 3277 1213 3286 “

185 3379 241 3439 quo
269 3372 330 3423 sata
355 3373 455 3424 cuncta
484 3363 644 3422 lactescant
665 3361 783 3423 duorum
809 3360 933 3420 siderum
958 3363 1173 3443 observatione,

186 3444 299 3522 aquilae
314 3447 341 3505 in
353 3445 569 3525 septentrionali
584 3454 665 3525 parte
682 3454 711 3505 et
730 3447 757 3505 in
772 3446 895 3504 austrina
911 3445 1068 3524 caniculae,
1092 3451 1173 3510 euius
