2534 3866
213 183 214 188 ’
345 197 426 246 ιιι.
443 197 534 250 mer.
546 199 632 249 ιιι.
648 189 859 268 1-n.(1—n.)
1066 190 1125 252 47.

119 349 237 428 legibus
250 350 372 428 prieris,
388 361 556 434 uanumque
570 366 616 418 est
630 369 681 418 ιιι
696 355 799 417 tabulis
814 358 904 434 utqui
919 355 1018 416 iniuria
1030 357 1107 418 oeci·
1182 373 1187 380 ·

119 435 213 494 disset
228 433 337 496 alienas
353 436 473 496 lueret
464 455 493 498 m
513 441 643 517 singulas
662 440 738 500 aeris
766 452 849 500 xxv.
872 439 938 516 quid
963 441 1106 502 existima·

118 535 194 593 mus,
206 527 379 580 venturasne
390 538 440 582 eas
453 522 612 583 credidisse
623 523 659 584 ad
670 540 758 601 supra
769 523 872 583 dietam
884 523 1106 584 aestimationem

120 601 189 662 illos
209 602 257 680 qui
279 601 434 680 lrugileras
454 606 523 664 tanti
539 603 727 668 taxaverant?
755 605 819 666 Neo
835 606 925 667 miuus
943 605 1136 672 miraculum&

98 687 152 745 uin
172 699 259 764 pomo
275 693 320 744 est
335 685 484 746 multarum
498 689 576 752 eirea
591 688 752 750 suburbana
767 689 861 748 leuotu
879 705 971 748 annuo
992 687 1106 750 addicto

119 769 194 828 binis
206 768 319 828 milibus
335 786 490 847 nummum,
511 773 621 834 maime
636 773 810 850 singularum
831 771 924 834 reditu
947 789 1030 850 quam
1046 781 1108 832 erat

119 851 196 930 apud
216 853 348 931 antiquos
370 855 562 932 praediorum.
593 855 630 918 ob
648 856 706 917 hoo
728 856 812 920 insita
832 865 861 916 et
884 855 1017 916 arborum
1038 871 1107 934 quo·

118 953 177 1014 que
191 934 507 1014 adultertsexcoqttuta
519 948 594 1016 suut,
609 949 641 999 nt
651 958 708 1000 nee
719 956 804 1018 poma
819 937 995 1018 pauperibus
1007 956 1107 1000 nasse·
1195 977 1201 990 ι

119 1027 228 1079 rentur.
252 1018 334 1082 Nune
346 1037 417 1098 erge
433 1021 561 1083 dioemus
573 1040 631 1101 quo
642 1041 771 1084 maxume
786 1022 873 1083 modo
888 1031 993 1083 tantum
1010 1040 1048 1084 en
1063 1021 1136 1085 laiss

85 1119 109 1160 ιι
119 1102 247 1179 vectigal
258 1104 415 1180 nontingaq
427 1121 525 1183 veram
538 1106 651 1167 uolendi
663 1107 801 1168 rationem
810 1106 1029 1183 absolutamque
1041 1123 1107 1183 pro·

120 1186 222 1262 ditari,
244 1195 276 1246 et
296 1187 364 1247 ideo
386 1203 443 1246 uun
466 1189 581 1265 volgata
598 1189 797 1266 traetnbimus‚
814 1207 869 1250 neo
884 1207 958 1269 quae
974 1198 1107 1249 constare

117 1270 212 1330 auimo
228 1269 414 1347 advertimus,
428 1272 481 1334 sed
496 1273 605 1334 ineerta
616 1282 702 1352 atqm
714 1273 811 1350 dultia,
824 1274 853 1332 iu
863 1272 966 1351 quibus
976 1290 1106 1334 maxume

117 1353 304 1414 lallitnrvita.
334 1373 398 1415 uam
423 1355 601 1433 diligentiam
622 1359 650 1419 iu
669 1358 857 1436 supervacuis
882 1355 1029 1418 adsentare
1050 1374 1107 1416 non

117 1446 310 1496 uostrnmest.
350 1447 416 1498 ante
441 1442 533 1500 omnia
559 1449 653 1502 autem
677 1442 705 1501 in
729 1442 891 1502 universnm
917 1449 947 1501 et
971 1457 1045 1518 qnae
1069 1442 1105 1502 ad

86 1538 109 1580 ιι
119 1529 222 1580 nancta
238 1521 371 1582 arborum
382 1540 490 1600 genera
506 1525 650 1603 pertinent
663 1525 691 1584 iu
705 1541 853 1587 commuue
866 1524 902 1587 de
919 1523 1001 1587 caelo
1016 1534 1105 1586 terra·

138 1623 175 1664 ue
190 1605 360 1665 dicemus.

116 1623 137 1682 q
181 1687 290 1766 2..(2)
306 1688 450 1768 Aquilone
465 1708 597 1751 maxume
612 1641 747 1768 gandent
770 1689 920 1750 densiores
938 1688 972 1750 ab
997 1691 1101 1752 adflatu
1115 1705 1147 1756 10

118 1773 183 1832 eius
202 1771 399 1850 laetioresque
421 1782 451 1833 et
469 1775 607 1836 materiae
627 1774 767 1834 firmioris
798 1789 853 1850 qua
876 1773 904 1832 in
919 1790 952 1832 re
972 1772 1105 1852 plerique

117 1855 264 1931 falluntur,
284 1873 347 1916 unm
358 1857 386 1916 iu
399 1856 494 1918 vineis
504 1858 674 1936 pedamenta
690 1874 751 1918 nou
762 1857 817 1917 siut
832 1874 848 1918 a
861 1864 948 1917 reato
959 1872 995 1916 eo
1013 1873 1104 1935 oppo-

84 1939 212 2000 souenda
235 1948 264 2002 et
284 1939 313 1999 id
332 1948 474 2000 tantuma
496 1942 693 2019 septentrione
716 1940 894 2002 servandum.
927 1941 994 2020 quin
1020 1941 1104 2000 immo

9 2043 10 2046 ¹
118 2023 290 2101 tempestiva
310 2022 419 2100 frigora
440 2023 597 2102 plurumum
620 2024 754 2085 arborum
769 2024 891 2084 firmitati
911 2024 1061 2086 conferunt
1077 2035 1106 2085 et

8 2107 9 2126 ¹
117 2108 161 2168 siu
176 2115 293 2185 optume
307 2107 481 2183 germinant,
499 2106 636 2184 alioquin,
651 2107 675 2166 si
690 2106 981 2183 blandianturaustri,
1003 2109 1103 2170 delati·

117 2198 246 2265 suentes,
260 2207 295 2252 ao
304 2190 395 2266 magis
407 2190 491 2250 etiam
502 2190 530 2248 iu
541 2189 623 2250 llore.
648 2207 711 2250 uam
723 2190 758 2262 si,
771 2205 834 2252 uum
845 2187 1019 2266 defloruere,
1034 2210 1100 2270 pro·
1114 2207 1145 2259 11

116 2276 192 2336 tinus
207 2281 364 2351 sequantur
382 2272 499 2348 imbres,
525 2273 554 2332 in
571 2281 658 2334 totum
678 2289 762 2352 poma
782 2272 959 2351 depereunt,
981 2273 1055 2334 adeo
1074 2286 1104 2336 ut

84 2380 108 2420 ιι
118 2356 287 2434 amygdalae
303 2364 334 2416 et
351 2357 421 2434 piri,
448 2358 531 2418 etiarn
545 2357 574 2416 si
586 2357 699 2418 omuino
714 2355 837 2416 nubilum
851 2356 903 2416 fuit
927 2356 1104 2417 austrinusve

117 2442 213 2516 datus,
230 2440 356 2500 amittant
369 2439 455 2500 letus.
494 2441 570 2501 eirea
588 2441 725 2518 vergilias
747 2440 861 2518 quidem
879 2439 1000 2518 pluvere
1015 2439 1103 2500 iuimi-

115 2524 263 2587 eissimnm
276 2523 326 2581 viti
341 2531 370 2582 et
390 2523 490 2600 oleae,
507 2525 638 2602 quoniam
657 2533 715 2584 tum
736 2525 828 2583 eoitus
850 2532 894 2585 est
910 2539 1017 2584 earum
1047 2523 1104 2584 hoo

117 2616 164 2668 est
178 2607 249 2667 illud
267 2606 444 2707 quatriduum
463 2607 536 2667 oleis
551 2607 758 2684 decretorium,
780 2607 827 2668 hie
850 2606 987 2669 articulus
1003 2610 1103 2670 austri-

116 2709 172 2751 nus
183 2688 272 2784 upbili
283 2705 379 2767 spurnr
372 2690 607 2768 quoddlximus.
634 2689 732 2765 lruges
748 2706 863 2769 quoqne
881 2691 963 2768 peius
979 2701 1065 2752 matu·
1078 2710 1120 2754 mr
1113 2707 1146 2742 ιιι

79 2793 107 2833 so
117 2757 237 2836 reseulrt
250 2774 382 2834 andrinis
398 2771 512 2847 dielsus,
525 2771 577 2830 sed
592 2773 725 2832 celerius.
750 2773 799 2832 illa
814 2781 878 2834 suut
892 2774 976 2834 noxia
991 2775 1101 2851 frigora
1115 2784 1146 2836 ιι

117 2875 194 2936 qnae
216 2856 483 2954 septentrionibus
487 2861 536 2916 ant
558 2854 754 2950 praeposteris
774 2855 847 2914 liunt
860 2855 947 2916 horis
982 2857 1103 2918 hiemem
1177 2901 1178 2908 ι
1253 2913 1254 2920 ,

117 2941 235 3019 quidem
261 2939 431 3016 aquiloniam
457 2931 524 2998 eluse
546 2937 675 2999 omnihus
695 2937 763 2996 satis
790 2937 975 2999 utilissimum.
1006 2939 1103 3002 imbris
1153 2949 1156 2954 “

8 3031 10 3078 ι
118 3032 266 3083 veretum
282 3022 438 3100 expetendi
450 3021 572 3082 euidens
588 3035 672 3080 eausa
688 3029 743 3094 est,
759 3022 891 3098 quoniam
906 3021 1026 3084 arbores
1042 3020 1102 3082 [ιιι

117 3107 281 3168 exinanitas
297 3114 327 3165 et
339 3103 473 3164 loliorum
490 3120 605 3181 qnoque
627 3104 779 3164 emissione
805 3103 953 3182 languidas
975 3105 1103 3166 naturale

80 3211 108 3252 ιι
119 3199 168 3252 est
188 3189 272 3250 auide
291 3190 413 3262 esurire,
432 3186 512 3247 uibus
527 3195 621 3248 entem
635 3201 732 3246 sarum
745 3186 844 3248 imber.
873 3201 962 3265 quare
976 3187 1100 3265 tepidam
1113 3199 1146 3254 13

118 3289 191 3333 esse
206 3274 345 3346 nmmum,
365 3280 396 3330 ut
412 3269 560 3349 absumpto
576 3277 656 3348 partu
668 3269 804 3330 arborum
819 3279 956 3350 sequatur
975 3272 1103 3350 protinus

118 3365 293 3434 conseptus,
309 3354 398 3418 idest
413 3353 598 3431 germinatio,
620 3369 655 3412 ae
670 3352 773 3414 deinde
786 3352 842 3414 alia
861 3354 1035 3416 doreseeudi
1053 3373 1102 3416 ex·

106 3441 255 3514 inanitio,
276 3436 479 3498 inutilissimum
501 3437 702 3515 experimentis
719 3438 858 3498 ereditur.
887 3438 1057 3517 quinimmo
1079 3440 1103 3498 si
