2534 3866
325 179 407 228 uns.
423 181 514 232 mss.
530 179 602 231 xvr.
619 177 739 234 to-as.
761 165 911 252 (te-84.)
1065 169 1102 232 41

119 331 301 412 spectabilis,
316 344 508 395 ramentorum
523 335 659 409 crinibus,
675 336 837 413 pampinato
853 353 967 414 semper
985 337 1058 398 orbe
1071 356 1105 398 se

119 417 243 477 volvens
262 416 298 477 ml
322 418 454 478 incitatos
486 421 621 480 runcinae
647 429 756 498 raptus.
796 421 897 480 eadem
923 430 952 479 et
976 421 1106 482 curribus

116 517 261 560 maxumo
276 501 423 564 sociabilis
444 501 591 580 glutino
583 521 612 562 m
636 511 743 562 tantum
765 511 796 562 nt
823 502 943 563 findatur
963 512 1029 564 ante
1050 523 1105 584 qua

118 583 212 645 solida
228 592 282 643 est.

92 681 105 720 t
178 667 228 728 43.
252 665 336 746 (83.)
358 666 460 768 lingna
475 631 568 729 autem
584 678 613 729 et
627 667 728 745 glutini
741 670 814 730 ratio
829 678 950 748 propter
966 687 1001 730 ea
1013 687 1085 747 quae
1096 681 1147 736 226

118 751 270 811 sectilibus
288 750 388 811 lamnis
402 769 437 814 ac
452 754 480 812 in
496 751 552 812 alio
567 770 677 829 genere
690 754 866 829 operiuntur.
897 753 1062 814 stamineam
1078 755 1106 814 in

117 835 176 894 lucc
206 851 258 894 usu
289 834 413 913 probant
442 853 559 911 venam,
590 844 619 894 et
642 845 748 896 vocant
771 836 911 898 feruleam
936 846 1106 914 argumento

117 917 323 993 similitudinis,
343 920 476 996 quoniam
496 920 633 981 lacunosa
653 928 708 979 est.
744 921 839 999 crispa
854 922 882 981 in
899 920 974 980 omni
995 937 1106 997 genere

118 1002 256 1078 glutinum
272 1001 414 1062 abdicant.
447 1001 586 1082 quaedam
602 1012 631 1062 et
645 1003 720 1062 inter
734 1022 767 1062 se
782 1013 811 1064 et
826 1023 889 1065 cunr
904 1004 967 1065 aliis
982 1005 1104 1078 insocia-

86 1086 187 1145 mbilia
203 1084 324 1162 glutino,
342 1087 417 1146 sicut
430 1085 530 1161 robur,
546 1103 602 1146 nec
619 1085 682 1146 fere
701 1087 857 1148 cohaerent
872 1088 925 1148 nisi
942 1087 1043 1147 similia
1057 1105 1105 1150 uo-

117 1179 196 1244 tnra,
217 1177 248 1228 ut
267 1169 292 1228 si
308 1169 371 1247 qais
386 1169 512 1247 lapidem
532 1168 696 1248 lignumque
720 1172 873 1248 coniungit.
908 1187 1026 1232 cornum
1047 1189 1104 1232 ma·

117 1270 204 1312 sume
221 1252 280 1312 odit
290 1252 405 1327 sorbus,
423 1253 566 1330 carpinus,
579 1252 681 1327 buxus,
697 1263 799 1331 postea
813 1256 883 1317 tilia.
911 1253 1146 1332 Cuicumquettt

118 1336 202 1415 operi
222 1335 317 1397 facilia
337 1336 446 1398 flexilia
459 1337 560 1412 ,omnia
581 1355 654 1415 quaa
672 1337 750 1399 lenta
767 1338 903 1415 diximus,
927 1347 1099 1417 praeterque
1111 1365 1146 1399 ιιι

117 1427 253 1479 moruset
268 1420 431 1498 caprificus.
460 1419 592 1482 forabilia
609 1438 644 1480 ac
660 1420 771 1482 sectilia
785 1440 859 1500 quae
873 1423 986 1483 modice
999 1421 1101 1482 umida.

88 1518 109 1559 ιι
119 1503 197 1563 arida
215 1503 288 1562 enim
303 1502 386 1562 latius
399 1521 482 1602 quam
497 1513 575 1564 teras
591 1501 753 1580 cedunffl*
768 1506 869 1566 viridia
883 1515 1000 1584 praeter
1015 1505 1104 1566 robur

118 1595 148 1646 st
167 1586 273 1646 buxum
298 1588 472 1687 pertinacius
493 1589 630 1648 resistunt
652 1605 853 1666 serrarumque
875 1589 968 1648 dentis
990 1590 1104 1667 replent

116 1670 317 1749 aequalitate'
309 1671 408 1747 inerti,
426 1689 483 1750 qua
499 1671 534 1732 de
552 1688 639 1732 causa
654 1670 766 1784 alterna
781 1671 964 1732 inclinatione
983 1680 1103 1746 egerunt

117 1753 247 1815 scobem.
491 1783 493 1788 ·

181 1833 263 1919 (84)
284 1834 544 1899 oboedientissima
565 1855 746 1917 quocumque
773 1838 801 1918 in
828 1855 918 1917 opere
943 1836 1145 1912 fraxinumuas

85 1922 277 1998 meadenuque
291 1919 381 1980 hastis
396 1919 496 1995 corylo
510 1921 628 1998 melior,
645 1939 733 1982 cornu
749 1921 859 1999 levior,
882 1920 970 1982 sorbo
986 1921 1100 1996 lentior,

117 2002 229 2066 Gallica
241 2020 312 2077 verp
323 2003 453 2063 etiamad
468 2021 567 2064 currus
579 1967 698 2064 flexibili
710 2007 778 2064 vite.
800 2006 991 2066 aemularetur
999 2005 1100 2080 ulmus,

116 2107 146 2148 ru
138 2087 273 2166 pcnrlus
285 2088 382 2146 esset
374 2103 402 2146 ιιι
413 2086 507 2164 culpa.
528 2085 633 2146 Facilis
648 2097 677 2148 et
691 2087 784 2164 fagus,
797 2106 963 2167 quamquam
974 2089 1143 2166 fragilisttlt

117 2180 147 2232 ct
161 2181 271 2231 tenera.
303 2164 404 2230 eadem
421 2169 569 2230 sectilibus
585 2171 706 2232 lamnis
698 2188 726 2229 ur
739 2175 816 2230 tenui
831 2171 934 2232 flexilis
947 2174 1100 2250 capsisque

116 2273 151 2316 ac
165 2254 279 2314 scriniis
294 2255 358 2316 sola
379 2254 666 2315 utilis.Secutur'1n
685 2253 792 2313 lamnas
809 2254 973 2332 praetenuis
988 2263 1017 2312 et
1030 2253 1100 2330 ilex,

83 2355 108 2396 ns
118 2339 219 2399 colore
231 2355 346 2417 quoque
360 2355 417 2398 non
432 2338 553 2414 ingrata,
566 2337 618 2398 sed
629 2355 758 2398 maxume
770 2337 870 2398 libain
878 2354 953 2417 quac
963 2344 1099 2412 terantur,

117 2431 149 2483 ut
162 2431 289 2483 rotarum
305 2421 416 2498 axibus,
431 2422 467 2482 ad
484 2438 556 2500 quos
568 2422 680 2482 lentore
694 2421 821 2482 fraxinus
838 2422 912 2481 sicut
928 2419 1028 2480 duritia
1042 2418 1100 2478 ilex

117 2515 147 2568 et
162 2516 286 2584 utroque
302 2504 407 2582 legitur
423 2505 523 2564 ulmus
547 2505 618 2567 Sunt
631 2521 701 2565 vero
718 2514 746 2565 et
760 2507 840 2584 parvi
861 2523 929 2564 usus
945 2503 1142 2566 fatriltunaao

115 2585 486 2666 ministerioiuminsignes,
497 2589 621 2668 ideoque
639 2589 778 2666 proditum
795 2587 918 2650 terebris
934 2589 1051 2664 vaginas
1064 2605 1100 2648 ex

106 2663 245 2735 oleastro
249 2671 354 2747 ,buxo,
366 2671 445 2747 ilice,
456 2671 545 2768 ulmo,
561 2672 674 2732 fraxino
688 2672 851 2732 utilissimas
866 2672 938 2747 lieri,
951 2690 988 2730 ex
998 2672 1099 2732 iisdem

80 2757 257 2831 aomallcos,
274 2757 455 2834 maioresque
479 2755 709 2851 epinuetilico
743 2755 780 2817 Et
794 2755 840 2814 lns
855 2765 947 2814 autem
960 2773 1050 2814 maror
1064 2755 1122 2815 ad

114 2842 276 2901 firmitatem
286 2856 370 2898 causa
380 2837 568 2917 tempestrvae
577 2852 715 2898 caesurae
725 2853 807 2914 quam
818 2838 983 2910 inmaturae,
992 2855 1098 2914 qurppe
1171 2835 1174 2846 '

114 2943 181 2985 cum
196 2941 234 2982 ex
248 2923 324 2998 olea,
340 2921 490 2982 durissimo
508 2920 601 2997 ligno,
624 2921 754 2990 cardines
770 2919 924 2980 inionibus
943 2919 1044 2982 diutius
1059 2920 1098 2978 in-

14 3023 16 3046 ¹
112 3008 187 3068 moti
211 3003 327 3085 plantae
348 3004 434 3064 modo
453 3004 681 3083 germinaverint.
722 3000 794 3063 Cato
819 3003 912 3063 vectis
933 3001 1097 3080 aquifolios,

115 3093 253 3165 laureas,
274 3088 385 3148 ulmeos
401 3087 463 3148 fleri
482 3088 575 3162 lubet,
592 3085 719 3162 Hyginus
737 3085 883 3148 manubria
903 3085 1016 3144 rusticis
1037 3102 1097 3144 car·

77 3199 103 3241 ns
114 3176 211 3272 pinea,
229 3133 328 3250 iligna,
344 3187 455 3232 cerrea.
484 3170 588 3244 Quae
580 3187 608 3228 ur
628 3168 735 3230 lamnas
752 3180 886 3231 secantur
900 3185 1076 3268 quorumque
1088 3177 1138 3230 231

113 3258 298 3337 operimento
321 3255 461 3315 vestiatur
479 3255 534 3314 alia
552 3253 706 3329 materies,
729 3253 883 3332 praecipua
905 3261 968 3314 sunt
989 3253 1096 3326 citrum,

113 3339 311 3413 terebinthus,
327 3338 557 3415 accrisgenera,
573 3336 676 3396 buxum
684 3335 816 3415 ,p,alma
833 3334 1014 3414 aquifolium,
1028 3336 1097 3411 ilex,

113 3421 217 3486 sabuci
233 3421 325 3499 radix,
340 3421 473 3503 populus.
503 3419 551 3481 dat
566 3430 595 3482 et
609 3419 700 3497 mnus,
717 3427 747 3480 ut
763 3418 867 3483 dictum
884 3428 938 3498 est,
950 3418 1033 3480 tuber
1049 3437 1094 3478 se·
1106 3443 1129 3474 a
