2534 3866
313 207 391 254 nau.
408 205 498 256 mnu.
514 207 597 254 xvn.
613 205 731 258 m-na.
749 197 823 276 (ts.)
840 222 847 236 =
1025 195 1062 259 81

139 359 190 421 23.
212 360 270 439 [bs]
293 360 429 439 Sequitur
439 361 547 421 arbusti
561 362 634 422 ratio
645 361 745 420 mirum
756 362 784 420 in
794 361 909 422 modum
920 362 1050 424 damnata
1058 373 1108 430 199
1123 415 1126 422 ,

79 461 95 504 a
108 443 233 503 Saserna
245 452 326 522 patre
340 444 470 522 illioque,
483 444 631 505 celebrata
643 444 775 520 Scrofae,
788 447 987 505 vetustissimis
999 456 1067 525 post
1148 474 1154 483 ·

80 526 217 589 Catonem
232 527 489 606 peritissimisque,
512 546 547 588 ae
562 547 598 588 ne
613 527 750 588 a'Seroia
768 528 881 605 quidem
897 529 951 587 nisi
966 528 1066 590 ltaliae

11 601 12 648 ἶ
79 627 231 685 concessa,
249 627 312 670 cum
326 619 382 670 tam
394 610 482 688 longo
497 611 638 671 iudicetur
650 627 724 671 aevo
740 611 849 671 nobilia
861 611 927 670 rina
941 628 998 672 ιιοιι
1013 615 1067 673 nisi

59 695 105 757 siu
127 693 251 753 arbustis
272 694 351 771 gigni
374 703 403 753 et
421 696 452 753 iu·
469 695 514 754 his
540 712 655 772 quoque
675 694 834 755 laudatiora
856 695 971 754 summis
994 696 1067 755 siout

77 777 213 837 uberiora
228 778 301 838 imis.
332 777 405 838 adeo
428 777 599 838 excelsitate
615 777 774 856 proficitur.
802 777 1004 856 itaer-atione
1018 788 1046 838 et
1057 789 1109 844 200

11 897 12 940 t
77 859 201 920 arbores
223 859 375 938 eliguntur.
412 862 503 939 prima
524 862 647 923 omnium
668 861 777 937 ulmus,
803 871 928 939 excepta
948 871 1069 941 propter

11 957 12 986 t
76 945 190 1004 nimiam
204 943 335 1004 frondem
350 946 444 1004 atinia.
473 943 539 1004 dein
554 945 678 1024 populus
693 947 785 1022 nigra,
801 944 902 1005 eadem
917 945 953 1005 de
968 963 1066 1022 causa,

76 1029 168 1088 minus
187 1027 276 1087 densa
293 1027 375 1087 lolio.
404 1035 464 1086 ιιοιι
478 1038 615 1126 spernunt
628 1029 760 1128 plerique
775 1037 803 1088 et
817 1028 957 1088 lraxinum
971 1029 1067 1090 licum·

46 1136 68 1176 ιι
77 1117 145 1190 que,
159 1112 244 1170 etiarn
257 1110 399 1185 oleam,
373 1129 400 1170 ει
414 1126 471 1170 non
487 1111 523 1170 sit
537 1111 671 1172 umbrosa
686 1112 904 1172 ramularum
920 1122 999 1172 satus

78 1194 231 1272 cultusque
251 1193 363 1254 abunde
385 1202 523 1256 tractatus
545 1204 600 1256 est.
640 1204 705 1255 ante
729 1208 847 1255 xxxva.
871 1185 1102 1262 moneamur

11 1321 12 1332 ,
76 1278 178 1354 attingi
192 1277 273 1337 lalce
280 1287 422 1337 vetantur
441 1278 551 1340 alterna
564 1288 713 1340 servantur
725 1277 871 1355 bracchia,
880 1263 1061 1340 alternis¹⁶⁶²

11 1359 12 1362 ’
76 1369 213 1440 putantur
233 1362 333 1436 aunis,
330 1371 433 1425 sexto
450 1379 524 1422 auno
539 1363 713 1423 maritantur.
742 1361 944 1441 Transpadana
964 1269 1103 1424 Ιιιιίιιει
1059 1371 1109 1424 ool

11 1485 12 1492 ι
76 1453 196 1524 praeter
210 1461 297 1522 supra
308 1405 399 1506 dictas
415 1462 515 1522 cornu,
528 1445 627 1524 opulo,
640 1446 710 1522 tilia,
726 1462 824 1521 acere,
840 1463 922 1524 orno,
938 1449 1066 1526 carpino,

48 1551 69 1591 ιι
78 1545 190 1607 quercu
204 1527 332 1588 arbustat
347 1545 444 1608 agros,
461 1528 586 1589 Venetia
602 1529 692 1590 salice
709 1537 828 1607 propter
842 1529 981 1606 uliginem
991 1531 1065 1590 ..soli

11 1625 12 1630 ’
78 1622 107 1672 et
117 1611 212 1672 ulmus
223 1611 390 1672 detruncata
401 1611 514 1675 media
506 1631 534 1673 ιιι
544 1629 687 1673 ramorum
698 1628 813 1671 scamna
828 1613 977 1689 digeritur,
989 1613 1066 1672 nulla

78 1697 141 1756 iere
164 1707 214 1754 xx
235 1694 340 1773 pedum
360 1696 464 1756 altiore
483 1696 599 1756 arbore
640 1693 766 1755 tabulata
786 1711 884 1754 earum
903 1695 953 1754 ab
961 1705 1066 1755 octavo

78 1779 156 1880 pede
172 1777 325 1838 altitudinis
343 1774 517 1838 dilatantur
509 1798 537 1838 ιιι
552 1778 674 1840 collibus
696 1778 840 1856 siccisque
859 1778 953 1855 agris,
973 1791 1065 1837 axn.

11 1831 13 1988 ,
79 1865 107 1922 in
125 1861 335 1940 campestribus
351 1871 381 1922 et
397 1860 508 1921 umidis.
533 1861 718 1922 lleridianum
734 1861 827 1922 solem
839 1869 974 1940 spectare
988 1862 1049 1938 pal
1057 1873 1108 1924 202

11 1999 12 2014 ,
49 1964 142 2008 murae
158 1944 280 2020 debent,
296 1945 365 2004 rami
380 1963 397 2005 a
414 1945 544 2023 proiectu
560 1946 712 2020 digitorum
727 1946 812 2006 modo
827 1945 954 2022 subrigi,
971 1944 1067 2005 tonsili

80 2031 107 2088 in
121 2029 167 2088 lris
181 2029 306 2092 tenuium
318 2045 435 2106 quoque
449 2029 636 2104 virgultorum
647 2028 746 2104 barba,
763 2047 798 2088 ue
812 2029 991 2088 obumbrent.
1022 2028 1064 2088 ln·

80 2113 231 2172 tervallum
245 2112 349 2170 iustum
364 2111 506 2210 arborum,
521 2110 546 2169 si
558 2119 654 2170 aretur
668 2111 769 2186 solum,
783 2111 959 2189 quadrageni
974 2112 1065 2190 pedes

81 2199 108 2256 in
123 2205 207 2273 terga
223 2195 446 2296 inputemque,
437 2213 466 2253 ru
480 2195 570 2254 latera
585 2193 687 2253 viceni
718 2195 743 2252 si
758 2210 815 2252 non
836 2204 947 2268 aretur,
968 2195 1024 2252 hoc
1038 2197 1066 2254 in

83 2281 172 2339 omnis
186 2280 286 2377 partis.
326 2278 447 2354 singulis
461 2278 549 2338 denas
564 2295 654 2355 saepe
670 2276 829 2337 adnutriunt
845 2279 919 2356 ritis,
935 2276 1064 2340 damnato

52 2363 211 2442 magriccla
224 2364 315 2421 minus
331 2362 430 2422 ternis.
463 2359 596 2422 ilaritare
613 2363 667 2421 nisi
659 2360 815 2422 ‘'validas
807 2361 959 2436 mimicum,
977 2375 1044 2418 ene·
1056 2369 1108 2423 203

84 2455 165 2508 eante
188 2446 288 2505 veloci
313 2445 410 2504 vitium
430 2446 617 2508 incremento.
649 2463 750 2524 serere
771 2444 939 2524 tripedaneo
961 2441 1066 2502 scrobe

11 2597 12 2602 γ
83 2529 277 2590 necessarium
289 2527 438 2589 distantis
429 2537 502 2587 mter
515 2546 584 2588 sese
596 2513 784 2606 arboremque
797 2527 919 2607 singulis
934 2526 1065 2606 pedibus.

11 2631 13 2640 ’
82 2614 150 2674 nihil
164 2613 204 2671 ibi
218 2611 361 2672 malleolis
377 2620 464 2689 atque
477 2614 668 2690 pastinationi,
686 2613 763 2672 nulla
780 2611 906 2673 fodiendi
922 2611 1066 2690 inpendia,

83 2706 183 2775 utpote
201 2712 264 2755 cum
278 2695 383 2754 arbusti
398 2697 470 2754 ratio
486 2695 540 2754 bac
552 2697 691 2772 peculiari
707 2696 773 2754 dote
783 2704 922 2774 praestet,
938 2695 1015 2774 quod
1030 2694 1066 2754 ab

52 2780 188 2853 aceodern
210 2779 275 2838 solo
295 2781 352 2838 seri
372 2779 471 2855 fruges
493 2785 522 2836 et
544 2778 649 2838 vitibus
671 2776 807 2857 prodest,
829 2797 974 2857 superque
991 2777 1066 2856 quod

83 2864 231 2923 vindicans
249 2880 282 2921 se
298 2861 433 2937 altitudo,
448 2878 521 2935 non,
537 2869 567 2919 ut
582 2861 611 2918 in
626 2865 726 2936 muca,
749 2860 784 2920 ad
809 2861 948 2922 arcendas
963 2863 1066 2920 anima·

84 2948 150 3006 lium
167 2946 283 3005 iniurias
299 2947 409 3022 pariete
423 2945 471 3004 vel
486 2960 577 3022 saepe
589 2945 638 3003 rel
652 2947 794 3005 fossarum
813 2946 911 3022 utique
931 2943 1066 3022 inpendio

84 3030 185 3090 muniri
197 3047 231 3087 ee
247 3029 334 3105 cogit.
366 3029 423 3106 [bol
448 3027 480 3087 ln
494 3027 612 3088 arbusto
628 3044 644 3086 e
661 3026 815 3106 praedictis
829 3029 892 3088 sola
905 3024 1045 3088 tiveradi·
1057 3029 1109 3091 aas

86 3132 149 3174 cum
168 3113 258 3187 ratio,
283 3114 350 3170 item
365 3112 570 3190 propaginum,
595 3119 624 3170 et
646 3112 718 3170 haec
730 3112 862 3189 gemina,
884 3119 915 3171 ut
917 3110 1062 3208 diximus,
1075 3133 1098 3166 ιι

55 3195 235 3276 aqualorum
251 3204 280 3254 et
300 3197 363 3274 ipsc
387 3194 513 3255 tabulato
534 3205 664 3254 maxume
683 3195 818 3274 probata,
839 3194 971 3294 quopiam
985 3212 1001 3252 a
1017 3211 1067 3272 pe-

87 3297 156 3340 core
168 3279 307 3338 tutissima
322 3288 381 3358 est,
400 3277 491 3338 altera
503 3278 619 3338 deflexa
634 3280 692 3339 uite
706 3279 753 3338 vel
768 3280 884 3358 palmite
898 3279 974 3337 iuxta
990 3295 1068 3336 suam

86 3363 218 3422 arborem
234 3371 283 3422 aut
295 3363 374 3421 circa
389 3373 554 3439 proxumam
571 3362 720 3424 caelibem.
761 3362 837 3440 quod
857 3377 943 3440 supra
962 3370 1069 3427 terram

87 3456 131 3506 est
148 3463 164 3504 e
181 3453 271 3506 matre
286 3444 346 3506 radi
362 3443 484 3521 iubetur,
499 3462 535 3504 ne
550 3446 673 3507 lruticet.
703 3447 731 3506 iu
751 3455 827 3506 terra
843 3463 901 3504 non
916 3445 1068 3523 pauciores

128 3533 409 3591 m.m.ffl.ffl
891 3529 909 3589 6
