2552 3866
323 221 402 268 aar.
420 222 509 270 mrsu.
525 222 623 268 xv111.
641 220 759 276 as—ao.
777 213 927 292 (oo-65.)
1056 218 1115 280 133

184 375 268 454 (63.)
297 375 353 436 Per
374 374 500 436 brumam
523 378 610 435 vitem
630 394 666 435 ne
689 377 786 437 colito.
829 377 902 438 Vina
921 388 978 439 tum
998 381 1158 446 delae-232

123 461 182 518 cari
196 459 245 524 ,vel
265 461 349 518 etiam
364 457 479 517 diffundi
496 458 625 536 llvginus
641 460 741 519 suadet
754 478 769 519 a
783 461 916 522 coniecta
929 481 964 523 ea
983 475 1113 543 septumo

121 543 178 617 die,
194 544 293 620 utique
314 544 338 600 si
360 550 489 618 septumo
510 542 575 603 luna
597 552 749 622 conpetat,
774 561 874 604 cerasa
895 545 972 605 circa
990 547 1114 608 brumam

120 627 188 684 seri.
221 623 314 685 bubus
329 625 463 701 glandem
476 635 533 684 tum
548 627 683 704 adspergi
705 629 838 686 convenit
861 630 890 687 in
903 631 978 707 'iuga
1004 632 1114 707 singula

95 709 242 773 smodios.
273 708 382 784 largior
396 709 587 769 valetudinem
601 710 727 785 infestat,
745 719 774 768 et
789 729 971 790 quocumque
985 723 1115 791 tempore
1179 781 1181 784 ¹

120 791 213 865 detur,
232 793 257 851 si
271 794 366 860 miuus,
375 805 449 850 XXX
464 791 565 852 diehus
582 793 722 852 continuis
738 793 802 852 data
820 796 872 870 sit,
895 806 1009 855 narrant
1027 814 1114 856 verua

120 875 220 934 scabie
232 876 392 954 poenitere.
418 873 556 936 Materiae
568 876 734 936 caedendae
745 886 859 955 tempus
870 879 926 946 hcc
937 879 1075 940 dedimus.
1090 898 1157 940 raras

119 959 230 1035 reliqua
251 975 340 1036 opera
361 968 500 1018 nocturna
521 977 651 1019 maxume
673 959 771 1037 vigilia
793 970 940 1037 constent,
963 981 1025 1022 cum
1045 965 1158 1026 sintate

120 1051 221 1100 noctes
236 1050 314 1101 tanto
330 1043 496 1121 ampliores,
511 1041 631 1120 qualos,
649 1045 749 1118 cratis,
766 1043 882 1104 fiscinas
902 1055 1023 1121 texere,
1044 1047 1116 1107 iacis

83 1147 110 1187 ro
121 1125 258 1200 incidere,
274 1125 381 1186 ridicas
395 1131 572 1204 praeparare
588 1126 710 1186 interdiu
723 1141 807 1202 XXX,
825 1127 909 1205 palos
923 1141 980 1202 LX,
997 1131 1025 1187 in
1037 1129 1115 1188 lucu·

118 1207 249 1269 hratione
267 1210 434 1286 vespertina
450 1210 555 1269 ridicas
570 1223 603 1284 v,
620 1209 702 1288 palos
717 1223 751 1283 X,
767 1209 886 1270 totidem
903 1211 1082 1272 antelucana.

182 1292 265 1370 (64.)
291 1292 317 1351 Α
333 1292 432 1352 hruma
447 1293 475 1351 in
486 1293 629 1354 favonium
643 1290 761 1353 Caesari
775 1292 882 1355 nohilia
900 1295 995 1354 sidera
1007 1297 1154 1372 signi-234

118 1375 214 1451 licant,
230 1377 316 1434 tertio
332 1375 472 1437 kalendas
487 1375 630 1437 lanuarias
648 1378 784 1436 matutino
800 1379 878 1440 canis
891 1378 1040 1454 occidens,
1057 1397 1114 1457 quo

116 1460 165 1540 die
188 1459 303 1518 Atticae
322 1469 353 1520 et
374 1460 498 1520 finitimis
518 1459 685 1538 regionibus
713 1461 807 1538 aquila
835 1463 952 1538 vesperi
976 1462 1115 1522 decidere

82 1543 245 1604 retruditur.
276 1543 369 1621 pridie
390 1561 481 1604 nonas
502 1542 648 1603 lanuarias
670 1541 789 1604 Caesari
809 1542 959 1621 delphinus
980 1547 1114 1604 matutino

118 1628 246 1686 exoritur
262 1635 290 1685 et
304 1635 424 1703 postero
440 1627 486 1686 die
501 1627 630 1700 fidicula,
652 1641 709 1703 quo
725 1624 861 1702 Aegypto
878 1629 982 1702 sagitta
999 1630 1116 1705 vesperi

118 1710 234 1770 occidit.
264 1711 332 1768 item
347 1709 383 1768 ad
394 1723 440 1768 vl.
466 1710 529 1768 idus
540 1709 685 1770 lanuarias
698 1708 827 1767 eiusdem
839 1707 967 1786 delphini
979 1719 1155 1787 vesper-235

117 1796 177 1854 tino
194 1809 301 1852 occasu
319 1793 444 1851 continui
459 1790 521 1850 dies
535 1792 659 1852 hiemant
679 1791 796 1866 ltaliae,
820 1809 882 1851 cunr
906 1790 952 1851 sol
975 1794 1003 1850 in
1027 1810 1112 1869 aqua·

117 1879 188 1937 riam
205 1877 343 1936 sentiatur
360 1875 499 1953 transire,
528 1877 604 1954 quod
621 1876 685 1936 iere
706 1889 775 1934 XVI.
815 1875 953 1935 kalendas
974 1874 1111 1935 Februar.

82 1978 108 2018 aa
119 1961 226 2034 evenit,
242 1972 314 2018 vm.
345 1959 484 2019 kalendas
499 1959 584 2019 stella
597 1961 678 2036 regia
696 1958 840 2037 appellata
856 1958 1001 2019 Tuberoni
1017 1961 1046 2018 in
1062 1977 1112 2037 pe·

119 2055 201 2104 ctore
218 2043 311 2102 leonis
331 2041 437 2102 occidit
450 2043 602 2116 matutino,
625 2051 653 2101 et
673 2043 765 2119 pridie
786 2060 875 2102 nonas
892 2041 1066 2104 Februarias
1081 2041 1111 2100 ii-

5 2117 7 2130 '
119 2127 213 2188 dicula
228 2127 355 2205 vesperi.
384 2123 471 2184 lluius
489 2125 626 2203 temporis
647 2125 808 2184 novissimis
831 2124 950 2198 diebus,
970 2126 1155 2190 ubicumttti

37 2243 41 2248 ·
120 2228 176 2289 que
192 2212 317 2290 patietur
332 2208 407 2270 caeli
422 2209 513 2285 ratio,
528 2217 633 2268 terram
650 2208 685 2267 ad
702 2224 830 2267 rosamm
849 2216 878 2266 et
899 2208 1001 2267 vineae
1021 2219 1112 2269 satum

5 2359 6 2366 χ
119 2293 639 2372 verterebipaliooportet-iugero
653 2307 762 2370 operae
773 2303 820 2349 LX
831 2288 1112 2365 sufiiciunt,—ios-

84 2401 110 2442 aa
122 2395 169 2441 sas
184 2395 309 2456 purgare
325 2385 372 2437 aut
383 2392 473 2436 novas
485 2373 600 2452 iacere,
617 2374 794 2436 antelucanis
808 2373 981 2432 ferramenta
996 2389 1111 2446 seuere,
1188 2410 1190 2416 -

5 2455 6 2468 ³
119 2462 266 2522 manubria
281 2470 398 2539 aptare,
415 2459 493 2519 dolia
506 2477 611 2537 quassa
627 2460 752 2533 sarcire,
769 2459 862 2516 ovium
873 2457 1027 2532 tegimenta
1045 2471 1112 2514 coa·

121 2547 237 2604 cinuare
251 2546 433 2622 ipsarumque
449 2543 528 2602 lanas
544 2543 691 2604 scabendo
706 2551 840 2620 purgare.

185 2627 267 2706 (65.)
285 2628 325 2706 [1]
348 2627 500 2686 Aiavonic
517 2627 546 2684 in
563 2626 772 2703 aequinoctium
787 2641 905 2684 vernum
924 2620 1041 2683 Caesari
1061 2624 1154 2685 sicat

121 2711 247 2790 gnificat,
264 2723 352 2770 X1111.
382 2709 521 2769 kalendas
532 2707 613 2767 Mart.
625 2708 746 2768 triduum
758 2709 848 2782 varie,
868 2715 896 2764 et
910 2719 983 2766 vm.
1015 2706 1112 2765 kalen·

88 2797 174 2856 aedas
188 2793 344 2855 hirundinis
358 2795 422 2853 visu
437 2801 466 2852 et
483 2800 601 2869 postero
617 2792 664 2851 die
685 2791 789 2848 arcturi
811 2796 912 2849 exortu
934 2790 1113 2866 vespertino,

122 2881 189 2938 item
204 2879 290 2937 tertio
306 2893 395 2936 nonas
411 2875 493 2936 liant.
517 2871 625 2934 Caesar
639 2873 734 2933 cancri
750 2881 851 2931 exortu
862 2870 892 2929 id
903 2871 965 2931 lieri
976 2870 1113 2930 ohserva-

122 2964 179 3038 vit‚
201 2962 291 3022 maior
313 2977 380 3039 pars
403 2969 548 3019 auctorum
569 2955 763 3016 vindemitoris
778 2972 907 3028 emersu,
931 2963 1036 3013 octavo
1051 2953 1114 3012 idus

125 3045 260 3125 aquilonii
274 3044 364 3122 piscis
381 3052 483 3102 exortu
501 3051 529 3101 et
544 3049 662 3119 postero
680 3039 726 3098 die
741 3036 863 3097 Orionis.
893 3037 921 3094 in
941 3035 1038 3094 Attica
1051 3037 1111 3096 mil·

5 3183 7 3198 ,
125 3147 191 3190 vom
208 3127 350 3204 adparere
373 3135 512 3186 servatur.
547 3121 656 3184 Caesar
679 3130 708 3182 et
720 3121 784 3180 idus
803 3119 919 3181 llartias
937 3118 1037 3177 feralis
1059 3119 1113 3178 sihi

90 3214 232 3274 renotavit
247 3210 407 3288 scorpionis
423 3225 545 3283 occasu,
568 3220 623 3268 Xv.
655 3204 795 3265 kalendas
814 3221 885 3264 vero
899 3201 993 3280 April.
1014 3200 1116 3262 ltaliae

124 3297 239 3356 milvom
251 3293 373 3368 ostendi,
391 3305 452 3352 X11.
486 3290 623 3351 kalendas
640 3307 722 3350 ecum
739 3287 875 3348 occidere
895 3286 1040 3347 matutino.
1071 3286 1115 3363 [a]
1179 3316 1180 3320 =

124 3379 186 3438 lloc
197 3376 378 3438 intervallum
389 3375 526 3453 temporis
536 3373 747 3451 vegetissimum
760 3369 896 3447 agricolis
910 3376 1156 3447 maxumequeiiss

127 3479 280 3542 operosum
296 3468 351 3536 est,
366 3460 394 3518 in
411 3475 467 3535 quo
484 3459 638 3535 praecipue
654 3455 797 3516 falluntur.
827 3453 1005 3530 nequeenim
1018 3468 1054 3511 eo
1067 3450 1112 3508 die
