2552 3866
176 195 234 281 t28
518 208 548 256 c.
564 207 822 257 enmrssouuor

174 368 247 427 ciam
260 382 348 440 vero,
374 363 525 442 phasiolos
540 371 570 421 at
586 343 798 424 lentem'boote
820 361 981 421 occidente.
1016 379 1074 438 quo
1091 361 1122 421 nt
1136 371 1168 427 ct

174 451 275 510 norun
290 449 416 509 siderum
431 447 608 523 aliorumque
623 455 742 505 eronus
762 455 791 505 et
804 461 928 504 occasus
945 443 1098 520 digerendi
1112 446 1169 505 siut

129 543 183 598 203
195 536 222 593 in
236 549 304 591 suos
318 532 391 592 dies.
421 532 494 590 Sunt
507 531 555 608 qui
568 538 599 588 et
615 538 681 588 aute
695 528 879 606 vergiliarum
902 543 1039 588 occasum
1053 530 1111 588 seri
1125 531 1166 588 iu·

173 617 274 693 beant,
302 615 447 675 dumtaxat
459 617 488 673 iu
504 612 581 672 arida
596 621 675 673 terra
690 613 849 691 calidisque
871 612 1047 690 proviaciis,
1070 621 1165 672 custo·

172 700 226 759 diri
242 700 316 759 enim
330 715 429 761 semen
442 715 503 758 non
518 705 720 774 corrumpente
736 713 852 771 umore,
877 702 907 755 et
921 713 937 754 a
957 711 1097 775 proxumo
1112 698 1190 756 im·s

172 783 224 842 bre
238 799 294 842 uno
308 782 356 842 die
371 797 532 858 erumpere.
563 778 611 839 alii
627 781 720 837 statim
736 778 772 839 ab
788 796 896 839 occasu
910 779 1097 856 vergiliarum
1117 799 1164 840 se·

172 867 220 944 qui
235 866 349 941 imbris,
378 882 394 923 a
414 873 545 941 septumo
560 863 625 921 iere
643 861 701 922 die.
731 862 819 941 aliqui
838 864 867 922 in
889 862 1002 938 frigidis
1016 861 1052 922 ab
1068 864 1165 940 aequi·

172 952 268 1011 noetio
283 948 422 1022 autumni,
449 948 478 1005 in
492 946 593 1006 calidis
610 947 718 1022 serios,
740 963 777 1005 ne
793 955 857 1006 ante
872 945 995 1006 hiemem
1010 946 1164 1007 luxurient.

128 1033 268 1097 tollnter
293 1033 384 1090 omnis
411 1038 505 1090 autem
530 1031 664 1090 convenit
684 1031 761 1089 circa
780 1029 908 1089 brumam
931 1029 1084 1088 serendum
1108 1046 1165 1088 nou

172 1135 250 1191 esse,
273 1130 376 1190 magno
395 1122 574 1190 argomento,
594 1115 728 1192 quoniam
741 1113 862 1173 hiberna
878 1114 996 1188 semina,
1021 1129 1083 1172 cum
1097 1123 1200 1173 antero

171 1200 297 1258 brumam
313 1206 374 1258 sata
394 1198 467 1272 sint,
494 1206 625 1276 septumo
640 1197 688 1256 die
706 1206 871 1275 erumpant,
897 1197 922 1255 si
944 1205 1011 1275 poet
1027 1195 1164 1275 brumam,

169 1285 218 1342 vir
234 1281 467 1360 quadragesimo.
498 1290 563 1340 eunt
577 1282 626 1358 qui
645 1289 804 1359 properent
818 1289 905 1358 atque
919 1280 958 1340 ita
970 1281 1163 1358 pronuntient,

170 1366 332 1426 destinatam
348 1372 506 1424 sementem
532 1380 620 1441 saepe
641 1364 798 1441 decipere,
821 1364 976 1423 serotinam
991 1381 1115 1442 semper.
1147 1381 1164 1423 e

172 1450 316 1508 contrario
330 1447 380 1508 alii
393 1447 442 1508 vel
458 1464 527 1507 vere
544 1448 640 1525 potius
656 1446 809 1508 serendum
824 1464 908 1525 quam
927 1447 1003 1507 melo
1019 1457 1163 1523 autumno,

171 1541 255 1609 atque
276 1532 323 1591 ubi
340 1531 428 1590 luerit
450 1548 593 1605 necesse,
619 1531 694 1589 inter
714 1528 858 1590 favonium
881 1539 911 1590 et
931 1548 1049 1590 vernum
1064 1533 1198 1610 aequi-n

127 1617 322 1680 205noctium.
346 1616 459 1694 quidam
474 1615 579 1673 omissa
598 1614 719 1674 caelesti
735 1612 890 1674 subtilitate
903 1614 1082 1692 temporibus
1094 1615 1162 1676 doli·

170 1702 263 1760 aiunt:
293 1717 363 1758 vere
382 1698 467 1758 linum
489 1706 519 1757 ot
543 1715 664 1758 avenam
689 1707 720 1756 et
744 1714 873 1775 papaver
897 1707 1000 1776 atque,
1027 1699 1068 1758 uti
1090 1717 1163 1760 nuno

171 1786 255 1844 etiam
270 1783 453 1860 transpadani
469 1790 601 1857 servant,
625 1798 716 1859 usque
732 1783 761 1840 in
776 1782 978 1859 quinquatrus,
1002 1780 1107 1857 iaham,
1125 1785 1162 1841 si·

170 1869 287 1944 liginem
307 1863 465 1925 Novembri
488 1881 603 1938 mense,
629 1863 674 1924 iar
695 1865 859 1943 Septembri
882 1873 1011 1925 extremo
1028 1868 1163 1944 usquein

169 1952 232 2009 idus
251 1947 395 2007 Octobris.
427 1948 474 2007 alii
497 1954 565 2026 post
590 1946 664 2008 hunc
683 1947 758 2007 diem
780 1950 807 2007 in
823 1945 960 2008 kalendae
979 1947 1159 2009 Novembris.
1170 1967 1196 2008 to
1274 1997 1275 2008 ,

169 2035 207 2091 ita
222 2031 266 2091 his
282 2030 490 2102 nullaneturae
504 2048 573 2090 cura
586 2040 643 2107 est,
666 2031 724 2090 illie
741 2032 835 2105 nimia,
862 2040 890 2091 et
906 2029 974 2092 ideo
992 2051 1080 2093 caeca
1096 2032 1161 2093 sub·

169 2114 272 2189 tilitas,
293 2131 355 2174 cum
368 2132 417 2173 res
431 2123 549 2190 geratur
563 2115 637 2173 inter
651 2117 776 2174 rusticos
791 2115 1006 2196 litterarumque
1022 2119 1161 2195 expertis,

126 2208 246 2262 noanon
261 2198 346 2258 modo
363 2197 497 2257 siderum.
527 2195 565 2256 Et
580 2197 770 2257 confitendum
788 2206 833 2256 ast
847 2198 930 2258 caclo
947 2217 1078 2260 maxume
1094 2218 1161 2260 con·

159 2289 246 2341 ,stare
273 2299 323 2356 ea,
355 2282 463 2360 quippe
492 2280 632 2358 Vergilio
649 2280 765 2340 iubente
793 2281 936 2358 praedisci
961 2293 1064 2344 ventos
1095 2294 1161 2344 ante

168 2367 261 2424 omnia
285 2382 321 2423 ac
341 2364 464 2423 siderum
489 2381 602 2438 mores,
628 2380 722 2440 neque
745 2361 830 2422 aliter
850 2382 933 2443 quam
960 2368 1196 2445 navigantibusts

168 2448 288 2508 servari.
317 2464 386 2525 spes
406 2446 679 2506 arduaetinmenea
700 2447 814 2506 misceri
840 2465 927 2526 posse
944 2449 1102 2511 caelestem
1118 2451 1160 2512 di·
1274 2447 1275 2492 ἶ

169 2531 313 2589 viritatem
334 2529 484 2607 inperitiae
505 2532 648 2605 rusticae,
677 2528 728 2589 sed
743 2532 906 2609 temptanda
931 2542 985 2593 tam
1000 2536 1102 2611 grandi
1118 2538 1159 2596 vi·

134 2661 136 2678 ,
167 2621 214 2671 tae
230 2612 432 2672 emolumento.
461 2613 539 2691 prius
555 2621 650 2673 tamen
665 2613 796 2672 sideralis
814 2614 968 2676 difficultas
970 2635 1078 2696 ,quam
1092 2638 1158 2678 sen·

168 2712 235 2754 sere
251 2699 334 2755 etiarn
350 2696 450 2773 periti,
472 2695 638 2756 subicienda
652 2697 886 2775 contemplationi
903 2709 964 2776 eet,
982 2718 1038 2779 quo
1054 2703 1157 2763 deinde

168 2777 270 2837 laetior
295 2795 376 2839 mens
402 2779 531 2840 discedat
549 2795 564 2840 a
581 2779 664 2840 caelo
691 2788 720 2840 et
742 2780 818 2840 iacta
842 2783 946 2842 sentiat
963 2801 1038 2861 quae
1063 2785 1193 2848 lutoraeo

166 2864 321 2940 praenosci
338 2865 529 2941 nonpossint

123 2955 174 3010 aot
239 2945 288 3006 25.
313 2946 397 3024 (57.)
420 2945 541 3005 Primum
564 2947 685 3005 omnium
708 2946 847 3006 dierum'
838 2965 964 3025 ipsorum
983 2951 1047 3011 anui
1070 2953 1154 3013 solis·

167 3045 223 3106 que
249 3037 341 3088 motus
366 3045 459 3107 prope
487 3028 698 3106 inexplicabilis
722 3029 794 3087 ratio
814 3040 871 3090 ast
907 3033 942 3092 ad
958 3036 1154 3096 occnxvad·

165 3113 253 3170 iciant
277 3113 426 3172 etiamnum
446 3112 630 3172 intercalario
655 3112 710 3172 diei
734 3114 886 3192 noctisque
913 3114 1086 3192 quadrantis.
1116 3123 1154 3179 ita

166 3195 197 3254 lit
210 3203 240 3253 ut
254 3195 327 3256 tradi
341 3210 398 3274 non
413 3197 525 3273 possint
546 3204 625 3256 certa
645 3195 770 3254 siderum
785 3205 925 3274 tempora.
956 3201 1071 3262 aooedit
1085 3189 1152 3262 coit·
1163 3225 1190 3267 ts

149 3279 244 3335 ‘iessa
259 3295 353 3338 rerum
371 3277 542 3354 obscuritas,
555 3297 630 3337 nunc
646 3289 851 3376 praecurrente
865 3298 920 3341 nec
934 3286 1034 3360 paucis
1051 3285 1152 3346 diebus

165 3369 363 3437 tempestatum
380 3361 557 3439 significatu,
581 3359 659 3440 quod
676 3354 903 3460 προχειμάζειν
921 3364 1023 3426 Graeci
1037 3378 1151 3445 vocant,

165 3459 238 3502 nunc
254 3447 469 3523 postvenientc,
498 3445 575 3524 quod
592 3437 817 3526 ἐπιχειμάζειν,
842 3456 871 3506 et
888 3447 1056 3527 plerumque
1079 3450 1151 3512 alias
