2552 3866
361 179 441 222 nnn.
457 136 547 222 nisu.
564 175 677 221 xvrnr
694 173 718 222 a.
737 160 883 244 (na—26)
1063 164 1121 226 169
1184 193 1190 198 -

117 343 180 393 tum
196 331 370 415 laxandique
384 337 505 389 ructum.
529 328 566 388 ob
580 329 610 388 id
626 328 706 388 cibus
721 329 890 404 inliberalis,
907 331 1004 409 utique
1017 332 1042 389 si
1054 349 1119 409 prc-
1109 339 1164 396 ·79
1195 355 1198 364 ’

115 427 209 477 'xume
222 416 315 475 olusm
333 414 460 475 andatur.
484 415 508 472 si
526 429 598 472 vero
615 415 680 491 ipsa
697 430 760 471 cum
775 413 860 472 clivis
876 413 1013 491 druppis,
1029 417 1122 474 rarior

116 510 221 561 ructus
246 499 276 558 iit
300 499 450 575 minusque
473 497 606 558 laetidus.
627 494 781 594 Aegypto
795 497 867 556 mire
883 497 1047 556 celebratur
1063 499 1122 558 olei

117 592 247 682 propter
264 582 441 642 fertilitatem
463 581 540 659 quod
562 581 672 640 semine
691 581 752 639 eius
772 581 888 640 iaciunt.
922 582 979 642 hoc
991 598 1122 641 maxume

93 669 241 747 scupiunt
261 684 379 740 serere,
404 666 428 725 si
445 665 551 758 liceat,
575 665 708 743 quoniam
730 673 759 723 et
774 673 910 743 quaestus
925 665 990 744 plus
1007 681 1122 742 quame

116 753 267 812 frumento
296 759 324 809 et
347 750 438 808 minus
445 738 565 808 tributi
591 756 637 806 est
658 748 824 827 nullumque
846 750 994 827 copiosius
1016 749 1121 814 oleum

119 837 162 915 [2]
191 834 304 895 Genera
327 832 446 911 raphani
464 833 569 894 Graeci
589 832 691 891 iecere
714 833 769 892 tria
790 833 925 891 loliorum
943 833 1120 893 differentia:
1129 845 1164 900 80

118 919 213 996 cripsi
233 927 319 996 atque
339 917 413 976 levis
435 927 464 977 et
479 917 594 975 tertium
611 916 756 976 silvestre.
786 926 871 994 atque
887 917 953 976 huic
969 917 1045 977 levia
1061 919 1121 994 qui-

118 1003 186 1063 dem
203 1003 255 1062 sed
270 1001 406 1062 breviora
421 1019 456 1060 ac
471 1001 593 1060 rotunda
609 1002 787 1078 copiosaque
805 1019 840 1060 ac
856 1001 1011 1076 fruticosa,
1035 1019 1122 1080 sapor

80 1112 107 1154 10
119 1095 218 1146 autem
239 1095 376 1163 asperet
397 1083 598 1144 medicamenti
619 1085 707 1142 instar
733 1085 768 1145 ad
790 1085 947 1147 eliciendas
971 1085 1063 1145 alvos
1094 1094 1122 1144 et

10 1211 11 1248 ,
113 1173 146 1230 in
162 1170 309 1247 prioribus
325 1179 421 1230 tamen
435 1168 596 1229 differentia
609 1185 625 1226 a
637 1169 757 1243 semine,
775 1170 907 1247 quoniam
919 1168 1013 1246 aliqua
1025 1170 1121 1270 peius,

10 1255 11 1300 t
115 1255 216 1354 aliqua
238 1254 388 1314 admodum
414 1269 549 1328 exiguum
564 1251 669 1310 ierunt
699 1252 774 1311 haec
790 1255 861 1312 vitia
877 1270 934 1311 non
950 1253 1066 1312 cadunt
1067 1271 1121 1312 msr

113 1341 143 1398 in
167 1339 266 1415 crispa
287 1337 367 1396 tolia.
413 1337 453 1415 [3]
477 1335 576 1396 Nostri
593 1336 648 1395 aha
663 1336 765 1395 iecere
780 1354 903 1413 genera
927 1335 1161 1413 Algideaseaffl
1264 1325 1265 1340 .

114 1421 203 1496 loco,
235 1422 352 1498 longum
378 1429 464 1498 atque
484 1419 671 1496 tralucidum,
701 1419 822 1480 alterum
848 1422 909 1498 rapi
932 1421 1022 1496 ligura
1044 1421 1121 1500 quod

80 1514 105 1571 '15
115 1513 227 1565 vocant
243 1505 406 1582 Syriacum,
421 1505 620 1564 suavissimum
633 1505 697 1563 iere
712 1523 746 1563 ac
761 1507 945 1563 tenerrimum
960 1504 1120 1583 hiemisque
1151 1567 1153 1573 .

10 1583 11 1594 ¹
116 1589 243 1670 patiens.
274 1590 461 1665 praecipuum
476 1596 571 1655 tamen
588 1587 723 1664 estquod
741 1606 758 1647 e
774 1588 858 1661 Syria
872 1605 929 1646 non
947 1589 1057 1665 pridem
1072 1587 1120 1647 ad.

114 1680 237 1732 vectum
258 1671 394 1748 adparet,
422 1673 555 1748 quoniam
580 1671 656 1748 apud
678 1679 813 1730 auctores
836 1687 894 1729 non
911 1673 1063 1747 reperitur.
1092 1670 1120 1729 id

115 1764 216 1816 autem
242 1763 301 1813 tota
325 1753 420 1813 hieme
446 1752 536 1812 durat.
570 1755 720 1813 etiamnum
744 1771 828 1814 unum
853 1754 988 1813 silvestre
1016 1752 1162 1817 (irasciet

116 1841 225 1918 agrion
239 1845 354 1911 vocant,
371 1836 482 1896 Pontici
497 1854 606 1912 armon,
624 1838 673 1897 alii
689 1838 803 1916 leucen,
820 1839 909 1897 nostri
922 1838 1119 1914 armoraciam,

80 1947 107 1988 ao
118 1923 227 1984 ironde
245 1921 393 2000 copiosius
408 1939 492 1998 quam
507 1938 642 1998 corpore.
670 1923 698 1981 in
714 1921 844 1980 omnibus
858 1930 951 1982 autem
963 1921 1120 2000 probandis

116 2023 252 2076 maxume
273 2013 440 2083 spectantur
460 2004 570 2066 caules.
599 2006 733 2064 inmitium
750 2007 824 2064 enim
840 2008 1023 2069 rotundiores
1040 2023 1118 2066 cras·

116 2093 276 2167 sicresque
297 2107 332 2148 ac
351 2089 447 2163 longis
465 2087 622 2148 canalibus.
655 2088 724 2148 lolia
739 2090 801 2166 ipsa
817 2091 944 2149 tristiora
960 2099 988 2150 et
1003 2090 1117 2168 angulis

10 2225 11 2252 ,
116 2173 247 2235 horrida.
294 2174 334 2252 [4]
357 2172 422 2232 Seri
441 2171 504 2230 volt
517 2171 659 2248 raphanus
674 2181 750 2232 terra
767 2173 876 2250 soluta,
897 2173 999 2232 umida.
1020 2175 1117 2232 limum
1125 2185 1160 2240 83

10 2313 11 2336 ,
118 2259 179 2319 odit
205 2257 296 2337 palea
319 2263 479 2316 contentus.
515 2255 625 2332 frigore
639 2255 720 2315 adeo
740 2257 848 2332 gaudet
868 2266 898 2317 ut
918 2258 946 2314 in
968 2255 1117 2316 Germania

10 2389 11 2408 ι
82 2343 270 2404 asiniantium
289 2340 686 2420 puerorummagnitudinem
707 2349 821 2416 aequet.
852 2341 957 2399 seritur
971 2348 1038 2418 pust
1055 2338 1118 2397 idus

10 2425 11 2448 ¹
118 2423 207 2484 Febr.
226 2435 256 2484 ut
276 2443 381 2484 vernus
398 2425 448 2499 sit,
473 2421 633 2501 iterumque
651 2423 727 2482 circa
741 2422 928 2501 Vulcanalia,
951 2423 1117 2503 quaesatio
1222 2443 1225 2450 ’

120 2508 234 2568 melior.
268 2509 346 2567 multi
368 2516 397 2567 et
411 2506 514 2567 lilartio
535 2515 564 2566 et
579 2507 788 2584 hpriliserunt
804 2517 832 2566 et
847 2508 1020 2586 Septembri.
1049 2505 1117 2566 inci-

121 2593 222 2671 piente
237 2592 413 2654 incremento
431 2590 544 2649 coniert
558 2590 667 2650 alterna
682 2590 751 2650 lolia
766 2591 1015 2666 circumobmere,
1036 2591 1117 2669 ipsos

10 2685 11 2688 ’
121 2692 195 2734 vero
213 2675 412 2750 adcumulare,
434 2690 497 2732 uam
516 2675 563 2750 qui
578 2684 659 2732 extra
676 2682 780 2734 terram
796 2677 912 2734 emersit
926 2676 1013 2735 durus
1032 2674 1062 2733 ht
1076 2682 1117 2732 at·

88 2777 181 2837 coque
199 2759 349 2834 lungosus.
383 2757 610 2817 Aristomachus
624 2755 734 2816 detrahi
749 2757 818 2816 lolia
832 2775 885 2836 per
901 2758 1024 2818 hiemem
1038 2756 1160 2822 iubetal

124 2851 164 2917 et,
183 2861 220 2901 ne
237 2840 357 2901 lacunae
373 2849 515 2918 stagnent,
532 2839 716 2900 adcumulari.
744 2841 791 2900 ita
798 2841 826 2899 in
844 2849 980 2900 aestatem
995 2838 1116 2916 grande·

125 2942 220 2985 scere
241 2925 354 3003 qnidam
368 2925 533 3003 prodidere,
549 2941 573 2982 si
566 2923 654 3000 palo
667 2924 769 2984 adacto
786 2941 908 2984 caverna
898 2924 1003 3020 palea
1015 2925 1116 2981 inster-

125 3017 209 3067 natur
227 3027 280 3069 sex
295 3007 446 3085 digitorum
461 3006 624 3082 altitudine,
646 3006 772 3068 deinde
763 3025 791 3066 m
808 3025 907 3088 semen
898 2993 1071 3083 limumque
1088 3014 1118 3064 et

124 3098 204 3151 terra
223 3101 405 3169 congeratur,
423 3089 458 3150 ad
472 3092 692 3168 magnitudinem
707 3091 820 3150 scrobis
836 3109 983 3151 crescere.
1005 3091 1116 3168 praeci·
1199 3126 1204 3134 -

91 3189 123 3236 as
127 3191 184 3252 pue
199 3183 293 3235 tamen
308 3176 393 3235 salsis
409 3173 526 3235 aluntur.
548 3175 644 3252 itaque
659 3176 743 3234 etiam
754 3173 857 3235 talibus
869 3175 951 3253 aquis
961 3174 1118 3250 inrigantur

126 3265 156 3316 et
171 3259 199 3317 in
215 3258 353 3336 Aegypto
368 3259 443 3317 nitro
460 3267 646 3334 sparguntur,
664 3258 711 3317 ubi
721 3268 791 3318 sunt
804 3260 943 3318 suavitate
957 3257 1115 3336 praecipui.
1165 3257 1166 3260 ’

126 3340 156 3398 in
169 3349 257 3402 totum
273 3358 389 3421 quoque
404 3341 549 3416 salsugine
564 3341 720 3402 amaritudo
734 3359 831 3404 corum
847 3343 978 3401 eximitur
989 3343 1115 3417 fiuntque
1125 3350 1159 3405 35
1264 3393 1265 3424 ,

129 3427 221 3484 coctis
240 3425 356 3486 similes.
383 3442 505 3502 namque
522 3433 551 3483 et
566 3426 640 3485 cocti
656 3426 823 3487 dulcescunt
838 3435 867 3486 ct
880 3425 909 3484 in
924 3441 1061 3504 naporum
1075 3425 1116 3482 vi·
1215 3479 1216 3484 ,
