2512 3858
184 204 204 262 4
493 216 794 291 c.au1ursnouuo1

159 367 287 446 aprocnl
305 385 391 448 supra
407 371 490 432 dictis
505 369 628 432 Glaucia
648 369 725 431 circa
747 371 818 431 dnos
839 371 997 450 praecipue
1018 369 1107 432 lacus.
1140 372 1172 431 li-

183 460 245 510 tora
261 450 323 529 ipsa
335 455 464 533 optinent
478 471 601 534 quercus
612 471 741 514 maxuma
753 455 886 518 aviditate
899 455 1047 531 nascendi,
1059 454 1171 515 snbios·

184 551 293 614 eaeque
309 536 441 600 ductibus
456 548 503 599 aut
517 537 673 615 propulsae
691 536 804 598 batibus
818 549 917 599 vastas
939 539 1084 617 conplexu
1099 539 1172 598 radi·

185 637 248 678 cum
264 621 354 683 silvas
371 641 468 685 secrun
480 621 620 696 colerunt,
634 631 720 698 atque
733 623 770 681 ita
782 620 903 682 libratae
916 631 1025 684 stantes
1039 623 1172 698 navigant

183 705 338 781 ingentium
354 722 492 766 ramorum
507 706 705 780 armamentis,
725 719 815 782 saepe
836 707 944 765 territis
965 705 1106 766 classibus
1122 723 1194 766 nos

184 788 262 866 stris,
276 808 338 850 cum
350 788 429 848 velot
439 786 573 847 industria
583 787 715 848 lluctibns
724 797 879 865 agerentur
889 789 917 846 in
929 805 1031 865 proras
1044 790 1175 849 stantium

183 881 287 949 noctu,
308 874 468 950 inopesque
483 871 593 931 remedi
613 870 681 931 illae
696 871 838 950 proelium
853 870 956 936 navale
975 870 1114 934 adversus
1130 889 1174 933 ar·

183 956 271 1016 bores
285 957 397 1018 inirent.

155 1044 173 1098 6
246 1039 273 1098 2.
316 1037 349 1096 ln
364 1037 466 1098 eadem
481 1038 700 1118 septentrionali
723 1039 811 1118 plaga
830 1035 995 1112 Hercyniae
1013 1035 1107 1096 siluae
1127 1053 1174 1095 ro-

184 1124 283 1182 borum
306 1121 425 1181 rastitas
449 1123 553 1183 intacta
576 1125 657 1184 aeris
677 1132 707 1183 et
728 1123 880 1198 congenita
902 1119 1005 1182 mundo
1024 1135 1116 1198 prope
1133 1120 1175 1178 in·
1188 1143 1210 1182 ro

183 1203 295 1265 mortali
313 1212 393 1264 sorte
407 1206 548 1267 miracula
560 1206 685 1266 excedit.
716 1214 746 1266 ut
765 1205 823 1266 alia
840 1205 1003 1264 omittantur
1024 1203 1079 1263 lide
1102 1205 1176 1264 cari·
1211 1211 1216 1224 ‘

182 1297 261 1361 tura,
288 1295 401 1348 constat
428 1289 521 1350 attolli
547 1291 631 1351 collis
653 1289 862 1350 occursantium
888 1288 962 1348 inter
990 1303 1022 1346 se
1048 1285 1175 1348 radicum

181 1387 357 1448 repercussa
379 1381 457 1450 aut,
473 1371 523 1434 ubi
545 1383 644 1434 secuta
664 1372 754 1433 tellus
775 1390 832 1433 uon
847 1371 900 1447 sit,
927 1388 1011 1432 arcus
1026 1370 1062 1431 ad
1079 1388 1175 1430 ramos

182 1472 273 1531 usqua
295 1463 325 1514 et
344 1456 426 1533 ipsos
445 1458 520 1517 inter
542 1475 575 1518 se
596 1459 715 1519 rixantis
730 1457 843 1518 curvari
858 1464 1004 1535 portarum
1020 1455 1176 1532 patentium

181 1537 283 1613 modo,
298 1547 335 1612 ‚ut
350 1548 456 1601 turmas
471 1542 598 1620 equiturn
612 1543 817 1617 transmittant,
834 1541 863 1602 3.
877 1539 1030 1618 glandiferi
1044 1555 1175 1600 maxume
1187 1555 1209 1596 ru

180 1623 299 1698 generis
315 1639 425 1700 omnes,
442 1624 544 1704 quibus
558 1625 652 1686 bonos
666 1626 742 1704 apud
754 1625 901 1686 Romanos
916 1630 1084 1704 perpetuus.

154 1709 169 1764 7
244 1707 275 1767 4.
293 1703 353 1791 (3.)
396 1707 470 1770 llinc
493 1711 602 1770 civicae
627 1726 769 1785 coronae,
790 1709 909 1769 militnm
930 1707 1042 1768 virtutis
1063 1705 1176 1782 insigne

81 1789 85 1797 ’
182 1789 385 1867 clarissimum,
413 1794 468 1852 iarn
488 1794 600 1872 pridem
617 1810 689 1852 uero
712 1801 742 1853 et
768 1793 938 1853 clementiae
960 1793 1174 1870 imperatorum,

182 1883 333 1951 postquam
355 1876 479 1954 civilipm
497 1875 640 1950 bellorum
665 1877 788 1955 profano
806 1877 938 1936 meritum
961 1875 1058 1952 coepit
1083 1870 1176 1931 rideri

183 1957 276 2018 civem
300 1974 358 2016 non
382 1959 530 2028 occidere.
575 1961 685 2020 cedunt.
706 1960 751 2022 bis
776 1959 901 2021 murales
929 1959 1113 2035 vallaresque
1144 1962 1211 2013 etro

182 2057 299 2113 aureae,
312 2058 481 2120 quamquam
496 2043 589 2123 pretio
610 2044 835 2120 antecedentes,
859 2042 965 2106 cedunt
976 2050 1005 2102 et
1018 2045 1177 2112 rostratae,

182 2124 310 2202 quamvis
325 2126 353 2184 in
368 2124 625 2187 dnobusmaxume
641 2127 677 2188 ad
687 2128 744 2188 boc
758 2129 823 2189 aevi
836 2126 984 2198 celebres,
995 2122 1034 2182 lli.
1043 2121 1179 2180 Varrone
1246 2149 1247 2192 t

184 2195 342 2288 epiroticis
358 2208 444 2270 bellis
462 2211 546 2272 dante
562 2211 667 2289 lllagno
682 2211 832 2289 Pompeio,
848 2213 974 2284 itemque
989 2203 1026 2263 bl.
1044 2201 1180 2281 Agrippa

153 2297 171 2351 8
184 2291 329 2352 tribuente
345 2291 473 2355 Caesare
489 2314 506 2354 e
518 2295 633 2370 Siculis,
647 2312 720 2372 qnae
731 2303 761 2352 et
771 2295 834 2371 ipsa
845 2291 965 2369 piratica
977 2287 1069 2348 luere.
1091 2295 1179 2348 antea

181 2385 276 2436 rostra
290 2379 401 2437 navium
425 2378 557 2436 tribunali
573 2378 700 2454 praefixa
716 2377 772 2436 lori
788 2375 878 2435 decus
895 2380 993 2448 erant,
1014 2369 1105 2432 veluti
1122 2386 1175 2448 po·
1187 2387 1213 2429 as
1245 2451 1246 2454 Ἴ

181 2458 250 2537 pulo
267 2457 396 2518 Romano
414 2461 470 2536 ipsi
486 2475 594 2519 corona
610 2461 744 2536 inposita.
766 2468 918 2538 postquam
929 2472 1001 2516 nero
1016 2453 1176 2516 tribuniciis
1245 2471 1246 2526 ξ

181 2539 370 2601 seditionibus
396 2541 502 2602 calcari
528 2561 563 2602 ac
583 2543 674 2622 pollui
693 2560 838 2622 coepere,
863 2550 1016 2621 postquam
1037 2539 1116 2601 vires
1137 2554 1176 2596 ex

181 2623 298 2701 publico
317 2625 344 2684 in
359 2627 499 2702 privatam
516 2627 563 2704 agi
585 2624 763 2704 singulisque
786 2627 890 2686 civium
910 2624 1011 2702 quaeri
1032 2631 1062 2684 et
1075 2637 1175 2682 sacro·

182 2707 274 2765 sancti
289 2710 382 2768 omnia
398 2709 519 2788 prolana
532 2711 643 2785 iacere,
660 2719 717 2772 tum
733 2729 750 2770 a
764 2708 885 2788 pedibus
901 2725 1001 2768 eoruun
1015 2705 1131 2766 subiere
1146 2703 1176 2776 in

119 2809 123 2819 ²
182 2791 390 2867 capitacivium
404 2802 508 2854 rostra.
534 2793 612 2853 dedit
624 2793 697 2854 bano
708 2798 856 2870 Augustus
869 2787 1211 2867 eoronarnllgrippae,oo
1244 2801 1245 2852 l

182 2873 235 2934 sed
252 2876 372 2936 civicam
387 2894 528 2953 agenore
544 2877 665 2938 bumano
682 2879 797 2955 accepit
811 2877 886 2954 ipse.
913 2917 929 2949 η,
1244 2857 1245 2940 l

155 2965 173 3019 9
251 2958 317 3038 (4.),
358 2958 519 3037 Antiquitas
535 2959 649 3038 quidem
672 2960 749 3020 nulla
770 2960 824 3018 nisi
847 2958 903 3020 deo
919 2958 1048 3020 dabatur.
1092 2953 1130 3019 ob
1146 2955 1175 3016 id

182 3039 325 3101 Homerus
340 3042 424 3104 caelo
441 3053 547 3106 tantum
565 3061 628 3104 eam
644 3053 673 3102 et
689 3043 803 3122 proelio
822 3043 957 3104 universo
974 3040 1173 3114 tribuit,uiri·

182 3125 231 3184 tim
250 3141 321 3189 vero
341 3144 380 3188 ne
406 3126 434 3186 in
463 3128 626 3188 conamine*
642 3117 757 3204 qr'ridem
779 3125 846 3202 ulli,
875 3126 1027 3204 feruntque
1052 3125 1173 3201 primunr

183 3209 305 3268 omnium
326 3208 459 3270 Liberum
483 3220 594 3289 patrem
615 3210 780 3288 inposuisse
799 3210 885 3288 capiti
907 3224 961 3268 suo
988 3225 1027 3270 ex
1052 3206 1211 3267 hederam
1243 3285 1244 3288 Ἴ

183 3299 287 3367 postea
306 3291 424 3354 deorum
444 3293 546 3353 bononi
567 3291 762 3354 sacrificantes
785 3309 936 3370 sumpsere
950 3291 1074 3352 victimis
1090 3288 1172 3350 simol
1243 3301 1244 3340 t

142 3383 176 3438 10
188 3377 342 3436 coronatis.
374 3379 528 3438 uerissime
544 3387 573 3437 et
588 3380 617 3438 in
628 3378 721 3437 sacris
734 3375 935 3437 certaminibus
952 3384 1123 3451 usurpatae,
1145 3374 1172 3431 in

184 3455 288 3536 quibus
303 3460 446 3542 bodieqne
460 3479 517 3522 non
531 3462 632 3524 victori
646 3461 728 3524 datur
743 3461 795 3522 sed
807 3461 926 3540 patriam
938 3458 974 3520 ab
987 3471 1023 3518 eo
1034 3457 1171 3520 ¹coronari
