2552 3866
281 241 361 289 unu.
376 238 467 286 mou.
483 237 597 286 xv1111.
614 235 657 288 11.
675 224 853 302 (sat-xx.
871 224 929 302 (1.)
1049 224 1109 288 187
1156 273 1158 286 .

111 397 246 462 libanotis
260 395 334 455 locis
349 393 478 472 putribus
495 401 524 452 et
538 392 643 452 macris
663 409 698 452 ac
718 392 842 450 roscidis
863 394 969 452 aeritur
988 398 1108 458 semiue.

110 483 238 543 radicem
253 478 340 538 habet
353 477 485 552 olusatri,
499 476 568 537 nihil
582 485 645 535 ture
663 473 853 534 differentem.
881 493 949 536 usus
966 480 1027 538 eius
1043 491 1109 559 post

110 583 212 626 anuum
226 561 376 622 stomacho
390 560 605 621 saluberrimus.
636 553 750 638 quidam
766 577 830 618 earu
845 557 959 620 nomine
976 562 1032 622 alio
1046 583 1108 626 ros-

108 650 246 708 marinum
261 645 419 725 appellant.
435 638 597 719 'zmyrnium
611 643 675 703 olus
687 645 793 703 seritur
804 643 907 715 iisdem
918 644 1001 721 locis,
1019 658 1152 714 mur-188

85 749 227 810 aramque
242 731 340 790 radice
355 729 466 806 resipit.
495 728 596 788 eadem
617 735 647 786 ct
666 725 832 805 siliquastro
849 729 932 788 satio.
960 729 1071 808 reliqua
1093 749 1110 792 a

110 817 218 878 ceteris
234 823 263 875 et
276 814 369 874 odore
384 823 413 872 et
428 829 534 890 sapore
551 809 701 886 differunt,
726 818 757 870 ut
771 820 900 888 arratum,
917 821 1052 894 tantaque
1065 826 1110 876 est

81 945 84 950 .
110 900 262 960 diversitas
285 907 371 976 atquc
390 899 451 971 vis,
474 905 582 956 utnon
603 894 696 954 solum
723 893 801 959 aliud
829 895 886 955 alio
912 907 1035 958 mutetur
1057 900 1110 960 sad

110 985 198 1046 etiam
211 983 239 1041 in
257 991 347 1042 totum
363 983 517 1042 auferatur.
551 979 627 1057 Apio
649 980 777 1038 eximunt
800 980 865 1038 coci
892 979 1022 1042 obsoniis
1043 1002 1109 1044 ace·

109 1078 177 1140 tum,
195 1065 299 1126 eodem
315 1064 426 1125 cellarii
438 1066 467 1124 in
478 1064 572 1126 saccis
585 1063 704 1123 odorem
714 1063 921 1139 vinogravem.
944 1063 982 1126 Et
994 1065 1151 1133 haute-189

74 1167 162 1210 1ouus
177 1150 325 1210 hortensia
339 1149 415 1210 dicta
429 1149 494 1227 sint,
512 1147 640 1207 ciborum
656 1147 749 1224 gratia
764 1146 917 1208 dumtaxat.
948 1166 1109 1212 maxumum

108 1234 224 1313 quidem
240 1252 314 1311 opus
327 1234 355 1291 iu
369 1233 471 1292 iisdem
482 1239 601 1291 naturae
612 1240 719 1306 restat,
733 1231 864 1308 quoniam
875 1243 1034 1310 proventus
1048 1245 1109 1296 tau·

108 1328 166 1378 tum
182 1317 275 1384 adhuc
292 1334 474 1395 summasque
489 1315 626 1394 quasdam
641 1316 834 1375 tractavimus.
864 1334 936 1377 vera
948 1327 1046 1380 autent
1059 1336 1108 1380 ou·
1200 1388 1206 1397 ¹

108 1402 209 1480 iusque
223 1410 323 1462 natura
339 1419 396 1464 nou
412 1402 467 1460 uisi
481 1399 593 1459 medico
611 1397 716 1458 ciioctu
738 1399 876 1476 pernosci
897 1411 1010 1480 potest,
1035 1421 1108 1483 opus
1157 1415 1163 1424 '

107 1487 210 1562 iugens
226 1485 429 1563 occultumque
445 1483 599 1543 divinitatis
616 1490 645 1543 et
667 1499 723 1560 quo
744 1483 851 1545 nullum
872 1487 995 1564 reperiri
1015 1491 1109 1566 possit

71 1571 207 1628 remeius.
227 1568 282 1642 'Ne
300 1568 419 1645 siugulis
441 1568 470 1628 id
488 1567 574 1626 rebus
599 1575 819 1626 contexeremus
840 1569 914 1628 iusta
934 1569 1004 1630 fecit
1022 1574 1106 1648 ratio,

109 1670 173 1712 cum
187 1652 223 1711 ad
237 1651 310 1712 alios
326 1651 458 1711 medendi
474 1650 618 1710 desideria
633 1650 827 1728 pertinerent,
846 1649 940 1727 longis
958 1655 1107 1733 utriusque

109 1735 292 1796 dilationibus
308 1735 420 1808 futuris,
437 1733 461 1791 si
477 1733 700 1794 miscuissemus.
733 1749 807 1792 uuna
822 1735 881 1793 suis
894 1753 1026 1815 quaeque
1042 1757 1105 1816 par·

107 1819 185 1880 tibus
201 1818 373 1878 constabunt
386 1826 578 1896 poteruntque
591 1834 608 1876 a
622 1815 786 1878 volentibus
801 1818 888 1894 iungi.

394 2417 429 2500 G.
458 2417 607 2498 uului
633 2417 865 2502 SECUNM

135 2641 139 2650 ,
225 2587 609 2681 unuuunttu
651 2586 1030 2682 utstoutuu
1119 2507 1124 2530 ὓ

484 2765 783 2832 uruuaxx.

558 2943 704 2954 ι--

176 3072 326 3150 (Secti.)
350 3065 508 3129 Maxumum
523 3069 589 3130 hinc
604 3085 677 3146 opus
693 3078 810 3130 naturae
826 3071 971 3131 ordiemur
983 3079 1012 3131 et
1023 3069 1105 3131 cibos
1130 3083 1145 3135 l

111 3172 181 3218 suos
198 3155 306 3216 homiui
323 3151 499 3214 narrabimus
521 3153 664 3230 faterique
683 3171 821 3229 cogemus
841 3147 938 3231 iuncta
960 3171 1027 3214 esse
1050 3171 1103 3232 per

69 3257 101 3304 aa
112 3257 187 3318 quae
203 3240 290 3298 viret.
321 3253 405 3296 nemo
420 3235 449 3296 id
465 3253 588 3314 parvom·
606 3253 640 3296 ac
660 3237 802 3298 modicum
826 3239 1031 3299 existimaverit
1052 3253 1102 3297 no-

110 3325 215 3383 minum
229 3321 340 3382 vilitate
355 3321 504 3399 deceptus.
533 3337 591 3397 pax
611 3337 709 3379 secum
730 3320 758 3380 in
774 3320 818 3381 his
834 3330 882 3382 aut
895 3321 1001 3382 bellum
1022 3330 1101 3384 natu·

111 3425 161 3466 rae
174 3407 305 3481 dicetur,
328 3403 394 3464 odia
414 3402 593 3482 amicitiaque
612 3421 708 3464 rarum
729 3405 878 3465 surdarum
897 3423 933 3467 ac
948 3421 1035 3466 seusu
1054 3425 1100 3467 ca·

111 3491 233 3550 rentium
248 3498 293 3566 et,
316 3505 372 3567 quo
387 3487 479 3565 magis
500 3485 648 3563 miremur,
671 3488 764 3548 omnia
784 3506 821 3550 ea
842 3488 984 3550 homiuum
1004 3508 1100 3564 causa,
