2552 3866
283 141 363 241 444
381 191 471 240 4444.
489 193 587 240 xvm.
604 191 723 245 ato-31
732 183 898 266 (ta-74.)
1037 191 1096 251 445

98 354 130 424 ct
152 347 185 407 in
197 352 289 424 parto
309 346 438 424 Africae,
459 355 524 408 ante
547 347 641 406 omnia
663 355 694 407 ut
713 349 795 410 sicco
810 350 876 410 solo
899 351 966 413 liant
987 366 1096 436 curant,

98 448 166 491 mox
179 439 211 490 ut
225 431 311 509 palea
324 430 532 492 substernatur
558 439 712 508 praeterea
729 449 792 492 cum
807 435 888 512 spica
903 453 954 495 sua
970 439 1094 500 condun-

98 525 152 574 tur.
184 517 222 574 ita
238 515 418 575 frumenta
393 533 419 574 sr
435 515 530 574 nullus
547 515 666 592 spiritus
679 525 822 612 penetret,
842 527 951 578 certum
967 531 1012 580 est
1026 523 1095 584 444441

97 597 259 658 rnalelicum
273 599 362 658 nasci.
386 598 480 658 Varro
496 608 596 658 auctor
611 606 656 658 est
670 599 714 660 sio
730 601 873 661 conditum
885 604 1010 663 triticum
1025 605 1135 672 414347

70 700 163 744 44444
177 683 257 740 44444
278 683 496 761 quinquaginta,
522 682 628 745 milium
647 699 719 742 raro
741 693 871 762 centum,
894 685 989 746 iabarn
1006 697 1036 748 et
1054 690 1094 750 le·

98 767 212 842 gunsina
228 766 257 824 in
273 764 502 826 oleariisrcadis
516 765 615 824 oblita·
632 767 731 828 cincre
760 767 848 844 longo
874 777 1006 848 tempore
1029 791 1091 835 ser·

96 848 175 928 vari,
200 849 275 908 idem
298 849 393 908 labam
415 867 432 909 a
452 849 553 924 Pyrrhi
578 849 657 926 regis
682 857 778 910 aetate
803 853 831 910 in
858 853 1093 934 quodanspecn

96 921 269 994 Ambraciae
296 951 387 1031 usqne
409 933 447 992 ad
462 934 611 1011 piraticum
639 933 758 1012 Pompei
784 933 882 1012 Magni
908 936 1016 997 ballum
1044 939 1093 1000 du

96 1033 179 1075 rasse
204 1017 283 1076 aunis
307 1018 425 1078 circiter
441 1028 543 1078 ccxx.
580 1013 676 1077 Cicari
696 1026 802 1078 tantum
818 1019 916 1080 nullae
933 1020 1136 1089 bestiolaettos

60 1101 125 1162 roin
147 1100 261 1160 horreis
280 1101 473 1162 innascuntur.
504 1109 569 1159 sunt
587 1101 635 1178 qui
655 1103 751 1162 urceis
776 1104 866 1162 cineri
888 1091 1039 1166 substratis
1065 1117 1094 1168 et

94 1183 185 1242 inlitis
206 1193 318 1246 acetum
343 1183 515 1245 habentibus
539 1184 712 1260 leguminum
734 1202 856 1247 acervos
873 1189 1094 1265 superingerant

94 1267 133 1326 ita
157 1285 214 1326 non
229 1269 309 1328 nasci
325 1268 468 1330 maleficia
488 1268 660 1347 credentes,
687 1268 736 1329 4144
753 1271 800 1348 qni
821 1271 848 1330 44
869 1270 1092 1334 salsamentariis

94 1350 173 1411 cadis
193 1369 288 1430 gypso
310 1352 445 1428 initiant
470 1351 518 1411 alii
542 1352 589 1428 qui
610 1350 718 1428 lentem
733 1363 818 1413 aceto
838 1355 1024 1433 laserpiciato
1046 1377 1095 1418 res
1133 1367 1137 1376 “
1186 1427 1191 1434 ,

94 1445 232 1534 spargant
246 1438 442 1514 siccatamque
458 1436 528 1495 oleo
543 1445 678 1511 unguent.
696 1437 751 1497 aad
768 1437 938 1506 brevissima
954 1439 1090 1502 observa

58 1537 83 1579 15
93 1521 133 1579 tro
159 1520 236 1598 quod
251 1521 339 1580 vitiis
349 1537 452 1580 444444
469 1520 543 1578 44144
558 1519 711 1579 4444414444
740 1519 851 1597 legere.
882 1541 971 1599 quare
994 1525 1090 1602 pluru-

92 1621 168 1664 mum
182 1604 273 1663 refert
289 1604 415 1664 condere
432 1605 495 1681 quis
512 1601 592 1664 malit
607 1621 644 1662 an
663 1602 800 1682 tondere.
842 1615 995 1666 crescente
1017 1610 1091 1668 enirn

93 1687 160 1748 luna
174 1686 327 1746 frumenta
334 1686 538 1763 grandescunt

158 1770 208 1832 31.
233 1769 316 1849 (74.)
337 1769 474 1847 Sequitur
496 1789 533 1830 ex
548 1769 686 1831 divisione
702 1779 862 1848 temporum
885 1780 1033 1832 autumnus
1054 1783 1133 1840 4349
1240 1847 1243 1856 λ

93 1813 226 1914 1441444144
242 1870 350 1930 occasu
361 1853 398 1913 441
414 1853 624 1932 aequinoctium
639 1871 674 1914 ac
691 1855 793 1914 deinda
808 1855 991 1932 vergiliamm
1006 1873 1090 1917 occa·

56 1956 156 1998 rosum
172 1939 338 2015 initiumque
356 1933 478 1996 hiemis.
511 1938 539 1995 44
566 1936 609 1997 1444
635 1929 793 1998 intervallis
816 1939 976 2016 significant
997 1942 1089 2018 pridie

91 2023 156 2083 idus
172 2023 247 2098 Aug.
270 2020 384 2080 Atticae
406 2037 476 2080 ecus
497 2022 594 2080 oriens
609 2023 743 2100 vesperi,
769 2021 905 2101 Aegypto
921 2032 951 2082 et
970 2021 1090 2085 caesari

92 2105 245 2184 delpbinns
261 2104 409 2164 occidens.
427 2118 475 2164 444.
492 2104 607 2167 kalend.
624 2105 802 2182 Septembris
819 2105 937 2166 Caesari
953 2106 1087 2184 4441444-

91 2191 153 2248 riae
179 2189 264 2250 stella
281 2206 356 2268 quae
372 2188 544 2248 vindemitor
572 2190 735 2267 appellatur
757 2190 865 2252 exoriri
883 2207 965 2248 mane
990 2191 1089 2269 incipit

92 2273 252 2334 vindemiae
276 2273 466 2333 maturitatem
487 2275 664 2350 promittens.
697 2274 758 2332 eius
785 2283 981 2349 argumentum
1008 2285 1089 2335 erunt

54 2358 168 2417 asaciui
186 2357 286 2418 441444
303 2357 410 2416 mutati.
439 2357 579 2430 Assyriae
594 2370 626 2416 v.
643 2355 782 2416 kalendas
805 2365 835 2416 et
856 2358 961 2433 sagitta
981 2358 1089 2417 occidit

93 2450 122 2500 et
147 2442 256 2500 etesiae
281 2440 422 2502 desinunt.
459 2439 632 2500 vindemitor
657 2436 793 2519 Aegypto
818 2442 900 2500 nonis
929 2443 1067 2516 44444144,
1079 2449 1130 2504 3144

92 2525 208 2586 Atticae
227 2534 357 2586 arcturus
382 2525 534 2597 444444444,
560 2533 589 2584 44
604 2526 709 2602 sagitta
726 2525 832 2586 occidit
854 2542 946 2584 mana.
976 2537 1009 2585 v.
1025 2525 1088 2585 idus

92 2608 273 2687 Septembris
298 2605 417 2668 Caesari
440 2607 554 2684 capella
580 2611 670 2669 oritur
693 2609 826 2685 vesperi,
860 2617 990 2668 arcturus
1015 2627 1086 2669 vero

92 2693 204 2752 medius
220 2692 311 2770 pridie
330 2692 395 2753 idus
411 2691 663 2750 vehementissimo
684 2692 844 2772 significatu
865 2701 943 2752 terra
960 2694 1087 2773 marique

55 2802 85 2844 ³0
95 2795 150 2856 per
164 2776 226 2836 dies
242 2775 376 2852 quinque.
407 2775 480 2835 ratio
497 2773 558 2834 eius
574 2774 647 2833 haec
660 2774 796 2834 traditur:
827 2775 855 2833 si
867 2775 1002 2854 delphino
1017 2796 1066 2838 oc·
1076 2786 1127 2842 311

95 2861 209 2922 sidente
228 2859 334 2918 imbres
349 2858 465 2934 luerint,
487 2873 545 2917 non
560 2857 710 2918 delaturos
724 2875 777 2934 per
792 2865 944 2918 arcturum
977 2861 1087 2934 signum

95 2944 214 3004 orientis
231 2943 293 3002 eius
308 2942 411 3002 sideris
427 2951 572 3002 servetur
576 2941 753 3001 bimndinurn
768 2939 877 3015 abitus,
900 2959 1021 3018 namque
1037 2941 1086 3002 de·

94 3027 257 3108 prebeusae
271 3028 423 3086 intereunt.
453 3037 523 3088 444.
541 3023 681 3084 kalendas
698 3023 832 3084 Octobris
848 2987 985 3102 n'egypm
1006 3024 1085 3102 spica

95 3120 272 3192 quamtenet
283 3113 368 3187 virgo
384 3111 513 3169 exoritur
527 3110 662 3168 matutino
679 3110 848 3186 etesiaeque
863 3109 1004 3169 desinunt.
1029 3107 1086 3168 boa

59 3197 171 3261 asidam
188 3191 307 3254 Caesari
322 3205 411 3254 xlm.
428 3191 582 3268 kalendas,
609 3205 684 3252 44444.
702 3191 840 3268 Assyriae
858 3191 1032 3291 signidem,
1056 3201 1086 3251 et

95 3293 142 3340 441.
159 3278 300 3339 kalendas
314 3275 433 3336 Caesari
448 3278 631 3336 commissura
647 3277 767 3353 piscium
782 3275 946 3335 accidens
936 3293 1085 3354 ipsumque

95 3361 260 3441 aequinocti
282 3359 360 3420 sidus
379 3373 451 3420 vrit.
468 3359 606 3421 kalendas
621 3359 767 3422 Octobris.
795 3361 862 3420 dein
877 3361 1127 3436 consentianum

96 3446 174 3526 qnod
189 3455 234 3506 ast
248 3461 353 3518 rarum,
376 3443 541 3522 Philippus,
564 3440 724 3522 callippia,
747 3441 920 3518 Sositheus,
944 3442 1085 3504 Parmani·
1132 3441 1138 3448 ’

137 3550 206 3590 acm.
220 3551 282 3588 4444.
296 3547 364 3588 44444.
383 3532 426 3588 111.
756 3590 759 3596 ,
889 3529 927 3590 10
