2534 3866
159 209 201 275 92
501 219 641 268 ornum
657 216 806 266 sacunnr

67 421 70 428 ,
160 377 227 440 calx
238 377 350 437 admota
361 372 517 438 radicibus.
551 380 580 431 ct
599 372 673 432 haec
687 379 782 430 autem
797 369 890 428 omnia
908 384 993 446 poma
1004 367 1152 428 intervelli

159 461 260 522 melius
272 466 318 518 est
329 467 359 517 ut
370 449 445 536 quae
455 458 557 517 relicta
570 455 626 514 sint
635 453 837 531 grandescant.

117 553 168 609 261
231 540 280 602 28.
304 540 452 614 Quaedam
463 557 557 619 poena
573 539 814 599 emcndanturaut
828 551 925 594 morsu
937 533 1108 609 excitantur,
1120 542 1152 594 ut

70 678 77 688 ,
160 625 271 705 palmae
286 641 321 684 ac
336 623 459 683 lentisci.
494 621 580 681 enisis
602 621 676 680 enim
696 623 777 697 aquis
797 620 917 680 ciuntur.
952 616 1022 676 salis
1043 616 1099 675 vim
1121 627 1151 676 et

160 710 285 782 cineres,
302 706 356 767 sed
366 707 507 766 leniorem
522 702 638 778 babent,
653 705 721 763 ideo
733 705 779 762 fici
795 703 1006 779 adsperguntur
1017 708 1176 777 rutaque,s

159 809 195 850 ne
210 791 279 850 liant
294 791 474 850 terminasse
494 804 569 846 neve
584 787 699 846 radices
717 793 893 864 putrescant.
928 786 995 861 quin
1011 792 1041 844 et
1052 786 1151 843 vitium

159 873 303 936 radicibus
314 889 416 950 aquam
429 871 534 931 salsam
545 869 643 929 iubent
657 869 783 954 adfundi,
798 869 822 927 si
838 869 893 928 sint
910 867 1092 928 lacrimosae.
1125 869 1150 926 si

160 973 229 1018 vero
241 954 350 1015 fructus
362 971 459 1016 aarum
470 953 625 1029 decidant,
638 954 763 1012 cinerem
775 959 858 1012 aceto
878 953 1035 1030 conspergi
1058 953 1150 1029 ipsas·

159 1058 215 1118 que
227 1038 305 1098 inlini
314 1046 362 1100 aut
372 1037 539 1112 sandaraca,
552 1038 577 1096 si
594 1045 742 1115 putrescet
759 1053 823 1095 uva.
849 1037 874 1095 si
888 1051 960 1095 vero
969 1035 1081 1094 fertiles
1093 1051 1151 1094 noa
1181 1041 1192 1056 “

116 1133 169 1188 2δῖ
188 1130 269 1196 suut,
289 1127 373 1180 aceto
393 1121 453 1180 acri
474 1118 594 1179 subacto
615 1120 820 1196 cinere-rigari
838 1128 925 1198 atque
939 1117 1037 1177 oblini.
1073 1117 1188 1195 quodro

100 1223 104 1231 ¹
159 1207 184 1264 ai
195 1205 318 1264 fructum
334 1219 391 1263 non
405 1211 545 1263 maturent
559 1203 638 1280 prius
655 1205 880 1277 increscentem,
901 1192 1096 1280 praecisarum
1113 1201 1149 1260 ad
1262 1217 1263 1224 ¹

134 1305 144 1320 ¹
159 1288 273 1347 radices
285 1284 400 1363 plagam
415 1284 560 1364 libraeque
571 1295 655 1345 aceto
670 1287 730 1344 acri
751 1294 780 1344 et
791 1286 876 1346 urina
893 1293 1006 1344 vetusta
1022 1283 1150 1344 madefa-

160 1385 228 1430 cere
239 1377 325 1446 atque
337 1385 373 1428 eo
386 1369 446 1428 luto
458 1367 594 1443 obmere,
607 1385 698 1445 saepe
711 1369 824 1429 indere.
859 1369 998 1442 olearum,
1011 1369 1035 1426 ri
1050 1383 1150 1445 parurn
1263 1433 1264 1447 χ

159 1453 318 1532 promisere
331 1451 458 1526 fructus,
473 1449 591 1511 nudatas
611 1451 726 1511 radices
744 1451 866 1511 hiberno
883 1451 985 1528 frigori
1000 1459 1151 1528 opponunt
1261 1497 1264 1510 .

160 1551 254 1614 eaque
264 1536 453 1611 castigatione
463 1533 626 1614 proliciunt.
658 1536 751 1596 omnia
763 1534 836 1595 baec
848 1552 939 1595 annua
952 1534 1025 1593 caeli
1036 1533 1149 1594 ratione
1160 1552 1186 1592 rc

159 1627 291 1682 constant
312 1627 341 1678 et
363 1617 516 1696 aliquando
538 1619 634 1678 serius
649 1627 822 1696 poscuntur,
841 1616 992 1697 aliquando
1013 1617 1149 1676 celerius.

159 1700 222 1762 Nec
234 1718 292 1761 non
305 1702 380 1779 ignis
389 1701 492 1779 aliquis
505 1701 636 1779 prodest,
651 1710 682 1760 ut
693 1701 850 1762 harundini.
886 1701 1014 1760 ambusta
1025 1717 1150 1779 namque
1264 1701 1265 1762 i

117 1785 298 1850 serenior
317 1785 470 1862 mitiorque
494 1786 596 1861 surgit.
639 1781 712 1844 (lato
730 1794 759 1844 et
780 1785 986 1844 medicamenta
1008 1784 1151 1861 quaedam

161 1869 308 1947 conponit,
322 1884 473 1928 mensurae
486 1885 601 1946 quoque
613 1867 805 1944 distinctione,
820 1869 857 1927 ad
867 1869 1004 1945 maiorum
1016 1867 1150 1926 arborum

160 1951 273 2012 radices
290 1951 465 2027 amphoram,
480 1950 515 2010 ad
526 1951 664 2009 minorum
675 1969 773 2012 urnam
783 1968 915 2011 amurcae
928 1959 958 2009 et
972 1967 1064 2028 aquae
1080 1967 1147 2028 por-
1159 1969 1185 2010 ao

102 2025 104 2040 '
159 2036 267 2094 tionem
281 2049 416 2111 aequam,
431 2031 612 2111 ablaqueatis
625 2035 705 2112 prius
721 2033 865 2095 radicibus
880 2033 1016 2111 paulatim
1034 2033 1149 2094 adfundi

161 2114 271 2176 iubens.
303 2115 409 2176 inolea
422 2115 479 2176 lroc
491 2117 628 2194 amplius,
647 2117 809 2178 stramentis
826 2125 909 2176 antea
927 2117 1167 2194 circumpositis,

160 2199 227 2260 item
238 2199 303 2260 fico.
334 2199 416 2259 huius
428 2201 585 2277 praecipue
601 2217 671 2260 vere
682 2208 788 2260 terram
807 2199 978 2276 adaggerari
994 2199 1148 2260 radicibus.

160 2284 199 2344 ita
213 2282 335 2342 futurum
352 2290 382 2342 ut
405 2299 462 2342 non
479 2281 612 2344 decidant
629 2284 726 2358 grossi
744 2284 891 2360 maiorque
912 2282 1072 2344 fecunditas
1093 2302 1150 2343 nec

118 2374 169 2429 not
179 2365 283 2427 scabra
293 2366 453 2442 proveniat.
486 2365 570 2425 simili
581 2366 684 2440 modo,
701 2383 738 2426 ne
751 2365 942 2426 convolvolus
953 2366 1002 2425 liat
1012 2367 1041 2424 in
1052 2367 1147 2441 vinea,
1157 2383 1183 2423 os

160 2465 294 2509 amurcae
312 2448 434 2523 congios
451 2445 523 2505 duos
541 2447 664 2524 decoqui
681 2449 710 2508 in
727 2448 944 2509 crassitudinem
960 2448 1071 2524 mellis,
1086 2468 1147 2509 rur·

161 2546 268 2607 susque
286 2546 350 2588 cum
367 2529 508 2588 bituminis
528 2531 612 2589 tertia
629 2540 712 2608 parte
735 2541 764 2590 et
775 2531 901 2609 sulpuris
916 2541 1015 2611 quarta
1032 2532 1086 2592 snb
1100 2533 1149 2592 diu

160 2613 258 2690 coqui,
270 2613 402 2690 quoniam
414 2611 585 2672 exardescat
602 2612 655 2672 sub
671 2621 761 2674 tecto.
793 2614 850 2675 hoc
865 2616 931 2674 vitis
954 2615 1031 2676 circa
1052 2618 1148 2694 capita

160 2713 195 2756 ac
212 2693 265 2756 sub
282 2694 426 2756 bracchiis
443 2697 537 2771 ungui.
573 2696 612 2756 ita
628 2713 685 2757 non
703 2697 769 2758 fore
788 2699 1000 2760 convolvolum.
1034 2700 1148 2778 quidam

162 2779 288 2840 contenti
305 2787 369 2838 sunt
386 2779 463 2840 fumo
474 2778 557 2839 huius
567 2779 706 2842 mixmraa
718 2781 925 2842 suffirevineas
937 2781 1065 2842 secundo
1076 2782 1147 2844 flatu
1156 2803 1182 2844 so

118 2871 169 2926 26⁵
182 2863 315 2922 continno
327 2861 431 2924 triduo.
465 2860 599 2940 Plerique
614 2879 672 2924 uon
682 2866 772 2925 minus
789 2864 876 2923 auxili
891 2874 921 2924 ct
931 2865 1057 2926 alimenti
1072 2865 1146 2926 arbi·

161 2955 270 3009 trantur
282 2945 308 3004 in
320 2945 399 3004 urina
409 2961 493 3022 quam
506 2943 576 3004 (fato
588 2946 616 3004 in
627 2963 757 3023 annea,
774 2946 870 3007 addita
879 2949 966 3008 modo
981 2951 1042 3027 pari
1053 2966 1147 3026 aquae

162 3029 311 3106 portione,
327 3028 458 3104 quoniam
476 3046 530 3106 par
549 3045 581 3088 se
601 3039 715 3090 noceat.
751 3028 839 3108 aliqui
862 3031 981 3091 volucre
999 3031 1149 3110 appellant

161 3112 263 3174 animal
275 3110 453 3188 praerodens
465 3109 650 3189 pubescentis
662 3130 741 3173 uvas.
778 3113 855 3190 qnod
866 3132 902 3174 ne
915 3114 1036 3191 accidat,
1050 3114 1146 3190 falcis

161 3210 224 3256 cum
241 3195 298 3254 sint
318 3202 474 3268 exacutae,
490 3193 590 3254 fibrina
608 3196 687 3274 pelle
705 3196 857 3276 detergent
874 3206 959 3276 atque
979 3198 1018 3259 ita
1035 3207 1145 3276 putant,
1156 3219 1183 3260 as

161 3285 210 3336 aut
239 3278 375 3354 sanguine
404 3278 500 3336 ursino
525 3277 574 3336 lini
605 3279 703 3340 volunt
727 3288 795 3358 post
818 3282 991 3357 putationem
1017 3282 1144 3342 easdem.

121 3359 260 3423 nectunt
276 3359 408 3420 arborum
426 3368 525 3438 pestes
542 3369 571 3420 et
586 3361 732 3423 formicae.
772 3362 824 3422 luas
844 3362 962 3441 abigunt
978 3364 1093 3425 rubrica
1110 3383 1152 3426 ac-

164 3442 230 3520 pice
242 3442 346 3520 liquida
360 3445 507 3534 perunctis
524 3444 706 3521 caudicibus,
726 3465 781 3506 nec
795 3462 853 3506 nou
867 3457 896 3507 et
908 3450 989 3526 pisce
1001 3457 1146 3526 suspenso
1265 3471 1266 3506 ι
