2552 3866
355 213 876 293 nur.u1sr.xv111.ns.(st-oo.)
1045 216 1101 279 131

113 378 178 438 dein
192 385 310 456 superat
324 377 419 435 noctis
436 377 471 436 ad
490 377 642 437 solstitium
661 377 762 438 diebus
779 392 879 440 x01111
896 380 974 440 horis
995 383 1104 444 duode-

112 464 181 536 cim,
199 457 232 499 **
247 477 339 537 usque
356 459 391 520 ad
406 463 615 538 aequinoctium
631 463 770 538 autumni,
792 473 821 522 et
840 472 898 522 tum
917 476 1039 542 aequata
1057 467 1104 526 die

110 543 245 622 procedit
266 562 304 602 ex
328 559 363 602 eo
388 543 423 602 ad
445 544 572 604 brumam
597 543 699 604 diehus
721 558 881 608 Lxxxvm
902 545 981 606 horis
1002 548 1103 610 tribus.

110 626 207 688 llorae
220 645 293 694 nuno
305 628 333 685 ιιι
346 628 421 685 omui
433 631 603 688 accessione
615 629 860 706 aequinoctiales,
877 646 935 688 nou
947 631 1148 697 cuiuscumttl

88 729 169 789 sque
189 709 263 785 diei,
287 709 497 788 significantur,
518 729 674 789 omnesque
704 727 758 770 eae
784 711 964 772 differentiae
987 713 1056 773 liunt
1080 717 1107 774 in

112 795 224 854 oetavis
241 793 367 872 partihus
379 795 535 870 signorum,
551 794 650 855 bruma
662 796 825 872 capricorni
836 813 861 856 a.
877 796 994 856 dvm.
1009 797 1107 857 kalen-

112 880 164 938 das
180 875 289 937 lanuar.
305 877 379 952 lere,
396 879 607 955 aequinoctium
621 893 740 937 vernum
753 879 860 953 arietis,
877 880 1031 939 solstitium
1043 889 1106 940 ιιι·-

109 963 165 1037 ιιι,
183 960 358 1038 alterumque
375 962 586 1038 aequinoctium
598 961 701 1037 librae,
718 963 766 1040 qui
783 971 811 1020 et
830 964 886 1040 ipsi
898 963 959 1023 dies
974 981 1040 1022 raro
1053 981 1109 1023 uon

112 1045 224 1123 aliquos
238 1053 440 1122 tempestatum
463 1045 638 1122 significatus
658 1039 772 1104 hahent.
805 1064 903 1105 rursus
919 1047 948 1106 hi
961 1047 1151 1109 cardinesttt

78 1128 231 1220 rosipgulis
247 1129 397 1187 etiamnum
413 1128 543 1188 articulis
558 1137 719 1206 temporum
741 1128 899 1188 dividuntur
907 1176 916 1209 ,
942 1148 997 1212 per
1016 1130 1109 1190 media

111 1229 210 1271 omnes
223 1211 448 1290 dierum-spatia,
465 1213 598 1290 quoniam
610 1213 684 1270 iuter
695 1211 846 1274 solstitium
857 1222 886 1271 et
898 1215 1110 1291 aequinoctium

110 1296 233 1356 autumni
248 1294 383 1354 fidiculae
398 1311 521 1354 occasus
536 1304 695 1355 autumnum
708 1296 824 1355 inchoat
842 1296 1014 1372 diexuvu,
1030 1297 1107 1356 atah
1202 1303 1205 1309 '
1256 1295 1259 1302 ’

110 1379 294 1457 aequinoctio
310 1395 346 1438 eo
363 1379 398 1439 ad
414 1377 541 1439 brumam
553 1379 737 1456 vergiliarum
747 1375 898 1438 matdtiuus
911 1396 1035 1452 occasus
1047 1381 1107 1441 hie-

108 1481 181 1524 mem
195 1463 241 1522 dia
254 1475 377 1538 xu1111.,
392 1463 466 1522 inter
476 1463 603 1522 hrumam
622 1471 651 1521 et
666 1463 877 1540 aequinoctium
894 1462 941 1523 die
960 1478 1039 1524 xuv.
1058 1463 1107 1523 lla·

77 1565 99 1604 ιι
108 1557 151 1606 ιιι
167 1547 269 1606 lavoui
280 1563 399 1604 vernum
413 1555 536 1624 tempus,
551 1546 588 1606 ab
600 1547 783 1622 aequinoctio
796 1543 886 1604 verho
898 1547 1005 1624 initium
1016 1557 1108 1607 aesta·

11 1663 17 1668 ·
105 1633 141 1690 ιιι
157 1630 210 1689 die
225 1642 344 1688 xuvltl.
363 1628 547 1704 vergiliarum
562 1637 665 1688 exortu
682 1630 827 1687 matutino.
855 1645 908 1686 nos
924 1630 1150 1706 incipiemusttt

105 1732 121 1772 a
138 1709 320 1772 sementibus
335 1711 484 1787 frumenti,
506 1713 563 1771 hoc
579 1719 625 1770 est
638 1710 823 1786 vergiliarum
839 1727 945 1770 occasu
961 1715 1107 1772 matutino.

105 1815 160 1857 uec
178 1794 287 1855 deinde
304 1810 458 1871 parvorum
474 1795 597 1855 siderum
612 1795 756 1853 mentione
778 1792 955 1865 concidenda
972 1795 1045 1854 ratio
1066 1805 1110 1854 est
1184 1859 1193 1880 ¹

108 1890 136 1940 ιι
150 1877 312 1941 difficultas
326 1895 421 1936 rerum
437 1878 577 1957 augenda,
595 1895 658 1937 cum
673 1878 751 1937 sidus
766 1876 923 1936 vehemens
936 1875 1050 1938 Orionis
1062 1879 1108 1936 iis-

75 1967 170 2025 mdem
186 1960 296 2022 diebus
310 1960 399 2038 longo
416 1961 539 2020 decedat
555 1962 665 2038 spatio:
877 2027 884 2032 ,

28 2093 30 2099 ,
167 2042 258 2125 (60.)
282 2044 461 2104 Sementihus
473 2054 602 2122 tempora
617 2044 749 2121 plerique
761 2055 945 2123 praesumunt
957 2055 986 2105 et
998 2045 1033 2106 ah
1043 2063 1092 2124 un·
1099 2054 1151 2107 ms

12 2133 13 2136 ’
90 2127 225 2192 'decimo
243 2129 290 2188 die
307 2128 474 2188 autumnalis
491 2128 654 2205 aequinocti
677 2127 777 2202 fruges
802 2137 916 2202 serunt,
939 2129 1109 2189 adveniente
1159 2168 1164 2174 -

110 2231 243 2276 coronae
258 2221 379 2288 exortu,
396 2212 535 2271 continuis
556 2209 657 2270 diebus
680 2219 760 2269 certo
782 2228 875 2289 prope
896 2209 1025 2269 imbrium
1042 2230 1108 2290 pro·
1160 2213 1172 2230 ⁸

109 2302 213 2373 misso,
229 2294 393 2376 Xenophon
404 2311 461 2354 uon
473 2303 622 2371 autequam
636 2294 706 2353 deus
718 2295 829 2370 signum
839 2293 961 2352 dederit.
994 2293 1051 2351 hoc
1063 2293 1108 2352 Gi-

78 2395 101 2436 ²t
112 2399 180 2444 cero
229 2379 402 2440 Novembris
417 2378 507 2438 imbre
523 2378 585 2437 lieri
600 2379 803 2454 interpretatus
820 2384 879 2449 est,
902 2393 965 2435 cum
990 2377 1025 2434 sit
1041 2393 1110 2436 vera

112 2469 184 2527 ratio
206 2481 264 2523 uon
279 2465 358 2542 prius
379 2461 493 2522 serendi
517 2479 600 2540 quam
613 2461 682 2522 lolia
697 2461 848 2540 coeperint
859 2459 1005 2519 decidere.
1038 2459 1151 2522 hostat

116 2553 180 2628 ipso
208 2547 393 2624 vergiliarum
418 2563 525 2606 occasu
555 2546 617 2605 heri
637 2553 736 2624 putant
756 2545 843 2621 aliqui
865 2561 890 2603 a.
916 2543 942 2602 d.
968 2556 1018 2603 111.
1047 2543 1110 2602 idus

115 2629 300 2707 Novembris,
314 2640 344 2690 ut
354 2631 486 2705 diximus,
498 2637 671 2706 servantque
683 2629 711 2688 id
723 2628 801 2688 sidus
813 2628 897 2689 etiam
907 2628 998 2692 vestis
1009 2628 1086 2686 insti·
1094 2641 1152 2683 am

117 2727 216 2790 tores,
233 2723 261 2773 et
278 2716 363 2784 estin
378 2713 461 2773 caelo
479 2719 577 2770 notatu
591 2710 766 2785 facillimum,
784 2727 855 2788 ergo
873 2728 909 2768 ex
926 2726 1033 2770 occasu
1049 2711 1110 2769 eius

84 2799 154 2860 aode
172 2800 268 2858 hieme
284 2805 457 2874 augurantur
470 2791 572 2871 quibus
589 2802 633 2852 ιιι
649 2809 717 2853 cura
737 2793 901 2867 insidiandi,
922 2795 1111 2868 negotiatoris

119 2883 247 2943 avaritia.
277 2880 373 2939 nubilo
386 2895 493 2939 occasu
509 2875 668 2954 pluviosam
683 2875 804 2935 hiemem
819 2875 981 2948 denuntiat,
1005 2876 1111 2938 statim-

109 2984 176 3043 que
193 2973 299 3042 augent
315 2963 493 3024 lacernarum
507 2960 616 3038 pretia,
638 2976 743 3018 sereno
764 2974 912 3037 asperam,
937 2967 965 3018 et
988 2957 1111 3034 reliqua·

118 3067 182 3109 rum
201 3047 324 3108 vestium
351 3045 517 3106 accendunt.
558 3042 612 3102 sed
637 3043 687 3101 ille
706 3041 837 3102 indocilis
864 3041 938 3102 caeli
967 3039 1154 3116 agricolattt

90 3171 99 3186 .
119 3133 177 3192 hoc
193 3132 301 3207 signum
317 3128 422 3190 haheat
435 3129 509 3187 inter
526 3144 594 3186 suos
610 3128 719 3204 vepris,
735 3125 903 3204 humumque
923 3141 1002 3182 suam
1017 3122 1111 3201 adspi-

86 3231 111 3272 ιι
121 3217 219 3287 ciens,
237 3232 300 3273 cum
316 3214 386 3274 iolia
401 3211 544 3287 decident,
561 3209 663 3269 viderit
677 3209 807 3269 decidua.
835 3210 877 3267 sic
892 3205 1031 3266 iudicetur
1048 3209 1112 3266 anni

121 3299 296 3376 temperies,
313 3297 380 3356 alibi
394 3293 518 3370 tardius,
541 3292 608 3354 alihi
622 3293 766 3352 maturius.
795 3293 833 3351 ita
854 3293 927 3350 euim
947 3290 1066 3350 sentitur
1082 3298 1112 3348 ut

121 3381 195 3441 caeli
213 3380 328 3458 locique
343 3377 439 3440 adiicit
455 3387 572 3452 natura,
592 3377 678 3455 idque
701 3377 730 3434 in
750 3376 803 3434 hac
824 3374 934 3434 ratione
949 3373 1110 3451 praecellit,

122 3464 199 3542 quod
216 3465 317 3524 eadem
333 3473 361 3524 et
376 3465 404 3522 in
419 3461 521 3522 mundo
538 3460 652 3538 publica
668 3469 712 3519 est
728 3467 756 3518 at
772 3458 930 3599 uuicuique}³
939 3456 1007 3580 {oco
1023 3473 1110 3535 pecu-
