2538 3864
317 212 398 260 ruer.
414 208 506 258 nter.
523 209 609 257 xxm.
625 196 837 276 uulso-41.)
1028 195 1087 260 281

91 385 145 430 nou
159 365 280 443 amaris,
302 365 381 425 loliis
397 365 533 443 olusatri3
551 373 579 424 et
594 363 651 423 lroc
666 363 809 424 laudatum
824 365 852 424 iu
871 363 951 424 cibis.
984 365 1093 444 quippe

7 463 8 536 ᾗ
92 455 172 514 etium
188 450 332 511 conditum
346 457 521 532 prorogatur
532 448 567 512 ad
577 448 686 508 urinam
699 447 845 526 ciendum,
863 443 963 508 lateris
974 448 1094 508 dolores
1158 491 1160 500 ,

91 537 251 611 sedandos,
280 543 379 611 rupta,
402 533 542 592 convolsa
558 532 698 607 sananda,
721 531 884 592 inflationes
898 532 1095 594 discutiendas

7 621 8 628 ’
91 621 205 699 colique
220 627 379 693 tormento,
396 625 497 677 eontra
510 619 688 694 serpentium
700 618 883 695 omniumque
896 617 1096 677 aculeatorum

7 705 8 722 ¹
67 705 170 765 uictus.
202 704 311 784 quippe
330 701 406 762 larua
420 710 466 761 cst
480 699 537 760 lioc
552 699 659 778 pabulo
676 717 782 763 cervos
796 700 937 761 resistere
952 701 1095 779 serpenti·
1203 706 1207 718 “

90 788 152 848 bus.
178 785 289 848 listulas
304 802 420 866 quoqne
436 784 519 845 radix
532 785 608 844 ultro
623 783 720 844 addito
736 784 816 845 inlita
839 794 936 861 senat,
961 784 1096 846 siccanda

91 880 183 933 tutem
197 873 225 930 iu
240 887 293 930 eos
307 886 376 929 usus
393 870 472 950 prius
490 876 550 943 est,
567 887 603 928 ne
619 885 690 928 suco
708 883 761 927 suo
777 869 907 946 madeat,
931 869 979 948 qui
995 877 1096 928 coutm

90 957 265 1034 serpentium
280 955 353 1014 ictus
368 967 426 1012 uon
442 952 511 1012 lacit
527 951 704 1013 deteriorem
719 970 791 1012 earn.

149 1038 234 1122 (38.)
253 1036 381 1098 Scandix
396 1052 512 1116 quoque
527 1036 649 1096 inolere
665 1035 792 1098 siluestri
808 1035 956 1097 adraecis
969 1039 1136 1116 pouitumtt

57 1132 119 1184 uout
132 1122 229 1202 Opica
250 1129 279 1182 et
299 1120 492 1182 Erasistratus
512 1119 635 1179 madunt.
668 1121 736 1179 itern
758 1119 881 1180 decoctu
896 1119 992 1181 aluum
1008 1123 1095 1198 sistit,
1190 1187 1195 1198 ,

88 1208 196 1268 semine
218 1205 360 1283 singultus
390 1205 543 1264 coulestirn
565 1221 603 1263 ex
622 1213 707 1264 aceto
729 1204 820 1264 sedat.
851 1204 978 1264 inlinitur
998 1205 1095 1266 ambu-

86 1293 153 1366 stis,
170 1292 266 1350 urinas
282 1290 350 1348 ciet.
382 1287 524 1348 decoctae
538 1305 626 1347 sucus
642 1287 764 1365 prodest
779 1287 945 1372 stomacho,
962 1291 1094 1366 iocineri,

11 1435 14 1452 ,
85 1375 219 1450 renibus,
238 1375 366 1434 vesicae.
397 1371 471 1432 lraec
487 1380 534 1432 est
547 1388 634 1449 quarn
649 1369 860 1450 Aristophanes
874 1371 1006 1451 Euripidi
1023 1391 1094 1452 pos·

86 1467 133 1518 tae
149 1458 239 1518 obicit
253 1457 436 1518 ioculariter:
460 1464 581 1516 matrem
596 1457 660 1515 eiu's
674 1473 710 1514 ne
727 1455 793 1515 olus
808 1457 922 1534 quidem
938 1457 1096 1534 legitimum

54 1541 270 1614 invenditam,
287 1541 341 1600 sed
359 1539 534 1598 seuudieem.
565 1537 675 1599 Eadem
690 1548 753 1598 erat
768 1539 957 1616 untbriseum‚
974 1543 997 1600 si
1013 1550 1093 1602 tene·
1103 1552 1136 1607 81

87 1626 165 1684 riora
179 1622 251 1682 lolia
267 1629 295 1681 et
311 1621 476 1680 odoratiora
489 1619 620 1680 heberet.
651 1622 808 1700 peculiaris
823 1621 886 1682 laus
901 1625 945 1698 ei,
962 1624 1039 1702 quod
1054 1627 1095 1686 ia-

87 1711 178 1786 tigato
191 1721 301 1764 venere
316 1705 435 1784 corpori
449 1705 591 1765 succurrit
605 1705 819 1783 marcentisque
832 1708 888 1767 ium
902 1709 985 1767 senio
1001 1709 1094 1768 coitus
1206 1751 1210 1762 .

88 1792 207 1854 excitet.
237 1789 313 1848 sistit
328 1787 470 1867 profluum
485 1787 552 1847 elba
568 1787 746 1850 leminurum.
1131 1779 1135 1795 '

151 1875 235 1954 (39.)
259 1871 296 1934 m
312 1873 426 1932 iasioue
440 1871 505 1932 olus
527 1871 663 1932 silvestre
679 1870 818 1948 habetur,
843 1873 871 1931 iu
885 1880 963 1933 terra
977 1891 1094 1952 repens,
1102 1887 1136 1942 82

50 1974 153 2020 uocum
166 1959 248 2019 ‘laete
262 1956 368 2031 multo,
384 1955 486 2016 dorem
500 1955 559 2015 iert
576 1953 742 2033 candidum,
761 1956 915 2017 eoncilium
930 1967 1044 2018 uocant.
1065 1967 1095 2019 et

87 2045 171 2104 buius
188 2042 290 2102 cadem
312 2039 521 2100 commendatio
544 2037 580 2099 ad
605 2038 791 2100 stimulandos
814 2041 918 2101 coitus.
951 2043 1038 2104 crude
1055 2061 1094 2103 err

87 2136 173 2188 aceto
195 2127 225 2185 iu
248 2123 337 2199 cibis,
352 2132 382 2183 et
404 2121 572 2184 mulieribus
597 2123 679 2183 lactis
702 2123 863 2183 ubertatem
885 2135 1023 2202 praestat
1049 2146 1093 2188 sa·
1154 2123 1156 2134 ¹
1259 2115 1261 2124 ⁴

86 2211 188 2270 luteris
206 2218 252 2268 est
268 2207 403 2288 phthisim
417 2206 617 2268 sentientibus.
650 2206 797 2267 inlautium
813 2209 899 2286 capiti
914 2209 994 2269 inlita
1008 2212 1094 2270 nutrit

87 2294 224 2372 capillum
238 2293 474 2371 tenacioremque
489 2292 552 2350 eius
570 2299 664 2350 cutem
679 2291 779 2351 eflicit.

49 2389 77 2430 2⁶
144 2377 239 2455 Ι(40.)
260 2375 348 2436 llstur
360 2385 390 2435 st
403 2373 530 2434 caucalis
545 2372 673 2435 feniculo
688 2375 798 2451 similis,
816 2374 899 2436 brevi
912 2375 1006 2452 eaule,
1022 2375 1136 2442 nonest

87 2460 228 2536 candido,
252 2459 334 2520 cordi
351 2458 438 2521 utilis.
468 2473 556 2518 sucus
580 2474 698 2538 quoque
718 2459 781 2518 eius
801 2459 923 2536 bibitur,
945 2459 1093 2520 stornacbo

85 2561 228 2623 perquam
244 2543 457 2603 commendatus
480 2552 510 2600 et
530 2543 629 2602 urinae
651 2543 830 2621 calculisque
847 2551 877 2603 et
897 2542 1012 2604 harenis
1030 2543 1093 2623 pel·

86 2627 187 2689 iendis
199 2635 230 2686 et
244 2628 362 2686 vesicae
380 2624 545 2706 pruritibus.
581 2634 718 2686 extenuat
732 2635 761 2686 st
777 2625 877 2703 lienis,
895 2627 1032 2702 iocineris
1046 2646 1092 2688 re·

85 2713 222 2790 niumque
237 2710 363 2789 plenitus.
391 2717 622 2770 semenmeuses
637 2710 804 2770 feminarum
819 2710 934 2771 adiuvat
947 2711 1093 2789 bilemque

46 2814 102 2860 uua
115 2804 200 2874 partu
212 2788 312 2854 siccat.
337 2792 420 2853 datur
431 2800 461 2852 et
473 2801 574 2852 contra
586 2792 726 2871 profluvia
738 2794 888 2870 geniturae
900 2795 978 2854 uiris
1003 2793 1093 2870 Gbrp·

86 2881 189 2958 sippus
206 2885 237 2937 et
251 2875 491 2954 conceptionibus
507 2893 570 2936 eam
585 2885 666 2954 putat
682 2877 816 2937 conterre
831 2878 959 2938 multum.
988 2875 1094 2940 bibitur

85 2965 116 3021 iu
131 2963 200 3024 vine
217 2961 329 3021 ieiunis.
359 2959 485 3026 inlinitur
507 2968 538 3020 et
558 2969 657 3020 contra
677 2977 788 3021 venena
809 2962 997 3036 marinorum,
1020 2964 1094 3022 sieut

85 3045 243 3107 Petrichus
256 3046 285 3104 iu
303 3045 498 3104 carmineque
513 3043 666 3121 significet

154 3127 236 3210 (41.)
256 3127 306 3188 llis
318 3128 504 3187 adnumerant
513 3136 545 3187 et
555 3128 628 3186 sium
640 3127 724 3188 latius
735 3127 864 3206 apiosin
872 3145 945 3206 aque
957 3137 1136 3204 nascenqst

44 3233 73 3276 su
84 3214 223 3294 pinguius
235 3213 418 3290 nigriusque,
432 3212 581 3288 cupiosum
592 3211 719 3286 semiue,
731 3227 839 3290 sapore
851 3214 980 3273 nasmrti.
1002 3211 1092 3292 prod-

85 3306 134 3358 est
159 3295 266 3370 urinis,
291 3293 427 3369 renibus,
457 3293 587 3355 lienibus
605 3295 813 3376 mulierumque
839 3295 1001 3371 mensibus,
1029 3297 1092 3355 sive

84 3384 184 3525 {lpsupp
197 3381 234 3524 ip⁸
244 3376 468 3522 plippbsumptnlm
483 3379 555 3521 lsire
571 3379 615 3438 ius
628 3378 747 3522 pecoeitsi
761 3380 826 3439 sive
843 3377 953 3480 semiue
976 3380 1093 3523 intuino

106 3481 160 3526 rao
180 3481 208 3522 ur
326 3476 368 3528 ut.
386 3477 434 3522 -eu
447 3479 481 3522 eu
498 3477 529 3520 os
542 3476 634 3542 rumpi
662 3479 717 3541 aqu
745 3479 802 3541 que
817 3480 892 3543 quae
904 3479 1012 3542 grenan
1039 3479 1092 3524 eos
