2538 3864
183 191 243 254 224
322 199 324 210 ·
493 201 523 250 c.
539 170 636 250 e'uuu
653 199 802 249 suenum

182 378 236 439 per
251 377 284 419 se
302 358 351 418 rel
368 374 432 418 eum
445 355 540 434 malva
561 364 609 416 aut
628 356 780 432 lenticula,
803 356 983 416 concitantes
998 358 1181 420 vomitiones.

183 444 310 504 siluestri
326 441 449 520 capillos
465 442 577 517 tingunt
593 449 621 499 et
636 440 673 500 ad
692 457 778 518 supra
794 442 903 519 scripta
918 449 1042 503 utuntur.

140 539 190 592 222
247 529 299 588 21.
321 525 405 606 (84.)
429 523 454 584 Ε
471 525 616 585 contrario
629 525 658 583 in
672 525 783 602 magnis
797 524 928 586 laudibus
940 525 1033 585 malva
1050 536 1095 586 est
1111 535 1184 588 utra·

184 631 240 691 que
254 621 283 672 et
294 613 386 671 satira
401 619 430 670 et
444 609 598 669 silvestris.
614 608 679 688 ⁸duo
694 627 804 686 genera
819 627 917 670 earum
931 610 1117 689 amplitudine
1134 610 1186 671 ioli

182 697 392 757 discernuntur.
420 696 559 753 maiorem
573 690 678 754 Graeci
692 693 828 772 malopeu
844 703 950 754 vocant
964 694 1125 770 insativis,
1144 695 1207 758 als

182 789 273 840 teram
294 780 329 840 ab
351 776 527 838 emolliendo
548 785 650 835 ventre
665 776 769 836 dictam
790 786 891 855 putant
907 777 1068 838 malachan.
1104 779 1186 838 esil-

182 863 345 938 vestribus,
364 864 409 922 cui
426 861 536 939 grande
553 860 654 920 lolium
669 870 698 920 et
713 861 828 920 radicas
844 861 945 937 albae,
968 861 1083 922 althaea
1099 879 1185 922 voca·

140 958 265 1024 matur,
284 948 320 1008 ab
337 946 513 1006 excellentia
532 944 654 1005 effectus
676 945 846 1022 quibusdam
868 945 1065 1023 plistolochia.
1103 963 1187 1006 omne

183 1034 276 1094 solum
288 1034 316 1090 in
327 1048 384 1108 quo
398 1038 530 1089 seruntur
542 1029 676 1107 pinguius
689 1029 807 1106 iaciunt,
822 1039 922 1090 contra
935 1031 1025 1089 omnis
1038 1029 1187 1090 aculeatos
1221 1030 1223 1036 “

181 1119 256 1177 ictus
279 1114 432 1187 eiiicaces,
456 1113 614 1191 praecipue
641 1117 843 1192 scorpionum,
870 1131 1022 1193 vesparum
1038 1114 1217 1176 similium-to

183 1219 239 1279 que
252 1207 281 1258 et
292 1198 380 1255 muris
391 1197 498 1256 aranei.
521 1199 588 1274 quin
600 1206 629 1256 et
639 1199 704 1257 trita
717 1217 780 1258 cum
793 1199 860 1258 oleo
873 1198 1000 1276 qualibet
1012 1215 1112 1257 aarum
1121 1215 1188 1276 per-

181 1284 259 1346 uncti
280 1288 345 1338 ante
367 1280 416 1347 vel
431 1281 572 1340 habentes
594 1298 646 1339 eas
660 1298 718 1338 uon
731 1281 881 1340 leniuntur.
915 1282 1016 1342 folium
1032 1283 1189 1358 inpositurn

182 1361 384 1443 scorpionibus
399 1370 547 1439 torporem
560 1362 664 1424 adfert.
686 1363 785 1422 valent
801 1371 830 1422 et
843 1371 943 1422 centra
959 1364 1084 1440 psimithi
1093 1383 1190 1426 tveue·

181 1466 227 1509 na.
257 1447 376 1508 aculeos
395 1445 485 1505 omnis
501 1445 653 1504 extrahunt
674 1445 772 1506 inlitae
794 1444 899 1505 crudae
921 1462 985 1505 cum
998 1447 1192 1528 aphronitro,

182 1541 271 1613 potae
290 1549 362 1592 vero
378 1531 519 1590 decoctae
537 1547 601 1590 oum
617 1529 716 1589 radice
731 1547 784 1589 sua
797 1529 909 1608 leporis
927 1531 1028 1590 marini
1042 1547 1192 1590 venenum
1203 1557 1220 1595 u

27 1603 28 1606 ¹
141 1629 195 1684 224
205 1619 383 1694 restingunt,
404 1624 436 1675 ut
459 1614 572 1694 quidam
588 1614 703 1689 dicunt,
725 1615 749 1673 si
762 1623 902 1674 vomatur.
938 1613 1101 1674 De‘iisdem
1116 1616 1192 1674 mira

186 1712 215 1764 et
232 1703 289 1764 alia
304 1701 467 1774 traduntur,
485 1698 538 1758 sed
551 1715 700 1774 maxume,
723 1699 748 1756 si
769 1698 842 1777 quis·
853 1697 962 1758 ootidic
981 1699 1044 1758 suci
1066 1717 1105 1758 ex
1120 1715 1191 1777 qua·

184 1787 256 1855 libet
272 1803 370 1846 aarum
386 1783 506 1844 sorbeat
520 1781 653 1856 cyathum
669 1782 830 1858 dimidium,
846 1780 978 1842 omnibus
990 1781 1099 1842 morbis
1115 1785 1190 1842 cari·

184 1881 286 1934 turum.
313 1870 412 1928 ulcera
428 1867 569 1926 manantia
586 1868 614 1925 in
630 1867 725 1945 capite
740 1875 840 1940 sanant
854 1867 883 1924 in
897 1866 977 1926 urina
994 1867 1188 1943 putreiaotae,

137 1961 142 1982 ¹
184 1955 316 2015 lichenas
340 1961 370 2011 et
389 1950 488 2010 ulcera
511 1949 569 2009 oris
592 1969 655 2010 cum
674 1950 777 2027 melle,
804 1949 887 2009 radix
912 1951 1034 2010 decocta
1060 1951 1222 2015 iuriuresao

186 2038 289 2112 capitis
309 2043 337 2096 et
352 2035 478 2095 dentium
495 2032 679 2094 mobilitates.
708 2035 769 2094 eius
785 2049 859 2111 quae
874 2051 958 2093 unum
973 2035 1086 2094 caulem
1100 2034 1189 2094 habet

184 2118 283 2178 radice
300 2120 378 2179 circa
393 2118 507 2178 dentem
521 2119 569 2196 qui
587 2116 686 2178 doleat
699 2118 834 2196 pungite,
851 2117 947 2178 donec
964 2119 1076 2179 desinat
1091 2118 1188 2178 dolor.

142 2213 193 2266 225
206 2203 308 2264 eadem
322 2213 445 2263 strumas
461 2212 490 2262 et
505 2201 650 2280 parotidas
668 2218 818 2280 panosque
835 2201 931 2262 addita
952 2202 1074 2262 hominis
1095 2201 1189 2262 saliva

185 2298 290 2366 purgat
316 2289 386 2346 citra
405 2285 519 2345 volnus.
556 2302 654 2344 semen
673 2286 702 2343 in
724 2287 792 2343 vino
810 2285 895 2362 nigro
917 2288 1015 2364 potum
1035 2287 1137 2364 pituita
1160 2295 1190 2345 et

183 2374 292 2432 nausiis
309 2369 421 2430 liberat.
453 2369 536 2428 radix
552 2383 733 2428 mammarum
748 2369 824 2427 vitiis
841 2371 967 2429 occurrit
987 2370 1143 2446 adalligata
1161 2371 1223 2429 iuss

187 2456 251 2516 lana
272 2455 370 2528 nigra,
387 2453 487 2512 tussim
505 2451 533 2508 in
548 2450 625 2510 lacte
641 2459 724 2526 cocta
740 2460 769 2510 et
787 2451 953 2511 sorbitionis
970 2453 1056 2513 modo
1073 2463 1192 2531 sumpta

144 2549 195 2603 226
205 2538 297 2616 quiuis
310 2535 412 2595 diebus
428 2533 568 2593 emendat.
593 2533 741 2594 stomacho
752 2534 859 2594 inutilis
871 2536 988 2594 Sentius
999 2535 1091 2614 Niger
1105 2537 1191 2611 dicit,

187 2620 336 2698 Olympias
354 2616 491 2677 Thebana
512 2613 659 2676 abortivas
678 2635 745 2677 esse
762 2635 825 2677 oum
843 2617 928 2696 adipe
944 2622 1073 2695 auseris,
1097 2620 1194 2698 aliqui

186 2701 308 2782 purgari
324 2701 445 2761 laminas
465 2701 544 2760 ioliis
565 2718 662 2762 aarum
683 2717 782 2762 manus
801 2702 906 2780 plenae
922 2719 1057 2763 mensura
1072 2694 1101 2762 in
1116 2703 1191 2763 oleo

186 2798 214 2848 et
235 2789 302 2848 vino
325 2786 453 2866 sumptis.
486 2785 584 2864 utique
606 2794 718 2846 constat
738 2785 919 2864 parturientis
937 2787 1015 2848 loliis
1030 2787 1191 2847 substratis
1201 2811 1224 2852 ao

187 2872 312 2932 celerius
334 2871 420 2930 solui.
456 2871 586 2949 protinus
604 2887 620 2928 a
641 2877 723 2947 partu
743 2868 952 2946 revocandum,
974 2889 1010 2930 ne
1032 2870 1121 2932 volva
1139 2889 1191 2930 se·

16 2933 18 2992 ῗ
103 2955 108 2974 ’
143 2965 194 3020 227
204 2965 314 3034 quatur.
333 2954 400 3013 dant
412 2961 551 3013 mancum
564 2950 951 3030 bibendumpnrturientibus
962 2955 1065 3014 ieiunis
1076 2955 1106 3013 in
1118 2955 1191 3015 vino

186 3040 327 3099 decoctae
345 3037 467 3098 hemina.
513 3035 579 3114 quin
603 3045 632 3094 et
652 3053 751 3101 sennen
772 3035 926 3112 adalligant
946 3037 1085 3098 bracchio
1104 3041 1192 3114 geni·

186 3123 245 3182 talc
262 3139 319 3181 non
335 3121 547 3202 continentium.
578 3118 711 3198 adeoque
725 3119 825 3177 veneri
840 3129 1011 3197 nascuntur,
1033 3131 1064 3181 et
1083 3140 1192 3182 semen

186 3205 325 3264 unicaulis
340 3205 509 3281 adspersum
525 3205 663 3263 curationi
675 3203 840 3262 laminarum
851 3203 1002 3264 aviditates
1017 3221 1130 3282 augere
1148 3207 1190 3266 ad
1201 3229 1224 3270 ss

159 3303 164 3312 ’
187 3289 323 3347 infinitum
338 3288 520 3348 Xenocrates
535 3287 635 3362 tradit,
652 3289 776 3364 itemque
791 3289 842 3346 tris
857 3287 972 3346 radices
985 3290 1064 3348 iux-ta
1081 3289 1191 3350 adalli-

187 3379 278 3446 gatus.
306 3381 434 3432 tenesmo
455 3381 484 3432 et
508 3370 689 3444 dysintericis
704 3369 852 3430 utilissime
875 3370 997 3448 infundi,
1017 3373 1087 3432 item
1103 3373 1192 3434 sedis

156 3462 159 3472 '
186 3453 280 3530 vitiis,
306 3453 353 3514 rel
381 3457 404 3514 si
427 3455 590 3520 ioueantur.
620 3453 837 3514 melancholicis
858 3471 972 3535 quoquc
990 3473 1079 3516 sucus
1100 3457 1192 3519 datur
