2552 3866
297 221 376 271 nnn.
393 221 483 272 assu.
500 219 677 274 xxa—11.
695 211 848 290 (ιι-44.)
1016 213 1076 277 205
1112 209 1133 290 ¹,

77 385 191 436 vestros
218 377 430 436 interaneorum
456 376 559 455 plagas
591 385 620 436 et
648 377 718 437 uitia
747 395 810 436 cum
842 378 948 457 silphio
980 381 1078 458 pilulis

79 460 224 521 devoratis
248 460 359 538 sedant.
394 460 496 520 horum
527 477 628 520 semen
652 469 752 520 contra
773 459 926 539 phalangia
947 463 1054 523 bibitur
1070 475 1121 530 106

78 545 106 602 in
126 545 204 604 vino.
248 545 304 623 ipsi
315 561 362 622 ,cx
383 539 467 604 aceto
490 543 642 604 inlinuntur
664 553 765 604 contro
795 547 972 624 serpentium
993 547 1077 607 ictas.

32 675 35 680 .
79 644 179 686 semen
194 629 302 706 antiqui
317 627 472 688 bibendum
488 627 694 689 insanientibus
707 629 825 690 dabant.
854 629 910 690 llos
927 629 1079 690 bulborum

54 713 162 771 ttritus
186 729 300 772 crurum
325 711 453 775 maculas
483 714 698 790 varietatesque
725 713 793 790 igne
819 712 912 774 lactas
937 715 1078 774 emendat.

79 795 200 854 Diocles
218 794 352 856 hebetari
363 796 468 855 oculos
479 795 514 854 ab
529 796 564 856 iis
576 801 666 896 putat.
699 796 984 868 elixos-assismious
1003 799 1080 858 utilis

79 896 148 938 esse
166 879 254 939 adicit
268 889 298 938 et
312 879 431 939 difficile
450 893 596 958 concoqui
610 897 648 938 ex
662 881 691 939 vi
705 881 930 960 uniuscuiusque
950 891 1079 942 naturae.

122 963 208 1040 (41.)
233 962 383 1024 bulbinem
407 961 511 1024 Graeci
533 972 638 1023 vocant
657 963 776 1024 herbam
797 965 1121 1042 porraceis.loliis‚107

77 1045 238 1105 rubicundo
258 1046 360 1108 bulbo.
393 1046 468 1107 haec
489 1048 611 1108 traditur
627 1047 797 1107 volneribus
814 1050 885 1108 mire
908 1050 986 1110 utilis
1002 1051 1079 1110 durn-

41 1144 68 1185 ιι
78 1137 157 1191 taxat
171 1130 348 1191 recentibus.
371 1130 487 1208 bulbus,
503 1146 589 1210 quem
603 1133 783 1192 vomitorium
794 1141 901 1194 uocant
911 1133 947 1193 ab
961 1134 1079 1212 ellectu,

77 1212 148 1274 lolia
159 1213 362 1292 -babetnigra,
377 1215 486 1274 ceteris
500 1215 644 1291 longiora.
861 1227 866 1239 ·

121 1297 168 1356 10.
185 1297 270 1378 (42.)
293 1297 469 1358 Utilissimus
481 1298 636 1359 ‘stomacho
651 1297 732 1358 cibus
751 1301 886 1378 asparagi
902 1300 1123 1364 traduntur.108

78 1383 190 1441 cumino
208 1383 323 1460 quidem
338 1382 435 1443 addito
452 1382 616 1442 inflationes
629 1383 770 1442 stomachi
786 1384 903 1462 colique
916 1385 1078 1460 discutiunt,

77 1465 164 1526 iidem
186 1466 279 1527 oculis
301 1465 461 1528 claritatem
482 1466 631 1543 adierunt,
661 1463 792 1527 uentrem
807 1467 918 1533 leniter
938 1468 1079 1545 molliunt,

40 1550 210 1626 aspectoris
232 1559 262 1608 et
282 1551 382 1627 spinae
403 1549 554 1610 doloribus
576 1552 831 1629 intestinorumque
849 1553 926 1612 vitiis
947 1560 1078 1630 prosunt,

78 1632 147 1690 vino
163 1648 226 1690 com
248 1641 388 1691 cocuntur
403 1623 510 1692 addito
545 1632 581 1691 ad
602 1632 764 1695 lumborum
786 1644 816 1694 et
835 1637 944 1694 renium
961 1636 1079 1695 dolores

78 1731 180 1774 semen
196 1713 349 1774 obolorum
360 1716 444 1774 trium
456 1715 597 1792 pondere,
614 1719 677 1794 pari
690 1718 793 1776 cumim
786 1717 921 1777 'bibitum
943 1735 1080 1778 venerem

79 1796 236 1873 stimulant,
250 1793 443 1858 urihameient
455 1799 620 1876 utilissime,
638 1809 840 1879 praeterquam
858 1803 958 1861 vesica
979 1802 1058 1861 exul
1072 1812 1123 1866 109

80 1891 189 1959 cerata,
208 1881 444 1961 radicequcquc
474 1882 903 1963 plurumorumpraedicatione
921 1886 1033 1946 tritaet
1052 1887 1080 1944 in

39 1969 148 2026 ²⁰vino
169 1965 237 2027 albo
258 1973 328 2044 pota
355 1965 485 2026 calculos
501 1984 617 2046 quoque
639 1970 788 2045 exturbat,
809 1969 969 2030 lumborum
990 1979 1019 2030 et
1033 1988 1080 2029 re·

78 2052 157 2110 nium
177 2049 298 2110 dolores
317 2048 408 2113 sedat.
439 2050 553 2127 quidam
574 2061 604 2111 et
624 2052 660 2111 ad
679 2053 785 2113 volvae
806 2053 937 2114 dolorem
953 2053 1079 2114 radicem

80 2152 145 2195 oum
155 2134 223 2192 rino
235 2133 313 2194 dulci
327 2135 490 2212 propinant.
514 2135 616 2194 cadem
630 2136 660 2194 in
675 2145 759 2196 aceto
775 2136 898 2196 decocta
910 2147 1008 2197 eontra
1020 2136 1078 2198 ele·

79 2218 251 2298 phantiasim
268 2217 392 2296 proficit.
425 2235 568 2297 asparago
584 2218 651 2279 trito
671 2236 707 2278 ex
725 2219 793 2278 oleo
809 2228 978 2298 perunctum
990 2223 1078 2298 pungi

81 2301 117 2362 ab
133 2301 234 2380 apibus
252 2309 369 2379 negant.

39 2402 71 2443 ιι
143 2385 227 2465 (43)
249 2385 421 2446 Silvestrem
437 2401 608 2464 asparagum
623 2386 710 2465 aliqui
727 2387 878 2447 corrudam
884 2388 998 2466 ,aliqui
1013 2385 1057 2445 Li·
1070 2398 1120 2449 110

81 2469 325 2545 Ιιιιιιιιιοοιιιι,
348 2468 438 2528 Attici
457 2471 605 2531 orminum.
635 2471 718 2530 huius
738 2471 775 2530 ad
790 2489 877 2550 supra
893 2471 968 2532 dicta
983 2472 1076 2530 omnia
1147 2503 1151 2514 ι

66 2551 234 2623 ‚efficacior
250 2555 305 2628 vis,
322 2562 350 2612 et
365 2551 523 2614 candidiori
537 2555 637 2614 maior.
667 2554 797 2614 morbum
808 2557 919 2632 regium
932 2564 1077 2616 extenuat.
1183 2589 1186 2597 ·

81 2637 200 2697 veneris
215 2653 301 2696 causa
315 2653 417 2714 aquam
429 2653 529 2697 eorum
541 2636 691 2699 decoctam
702 2637 762 2698 bibi
774 2637 871 2700 iubent
882 2640 918 2701 ad
928 2637 1077 2700 heminam.

82 2721 159 2779 idem
178 2728 207 2779 et
224 2736 324 2779 semen
341 2719 419 2780 valet
441 2738 504 2779 cum
525 2730 609 2780 aneto
632 2723 721 2780 ternis
740 2722 889 2801 utriusque
905 2722 1011 2784 obolis.
1031 2724 1078 2782 da-

45 2811 181 2876 saturet
202 2802 237 2862 ad
258 2805 434 2879 serpentium
453 2805 528 2863 ictus
544 2821 630 2862 sucus
648 2803 798 2863 decoctus.
833 2805 916 2864 radix
942 2809 1080 2866 miscetur

82 2885 321 2947 redicimarathri
333 2886 407 2946 inter
419 2886 619 2948 efficacissima
637 2887 752 2947 auxilia.
772 2887 797 2954 si
808 2889 926 2965 sanguis
941 2890 1124 2966 peruri-111·

83 2987 149 3030 nam
160 2969 309 3045 reddatur,
327 2987 425 3029 semen
438 2980 466 3031 et
478 2972 612 3049 asparagi
626 2979 654 3030 et
668 2971 716 3050 api
726 2979 755 3030 et
770 2973 871 3030 cumini
883 2973 971 3032 ternis
985 2971 1079 3030 obolis

82 3058 114 3115 in
134 3055 192 3113 vini
214 3053 325 3128 cyathis
344 3052 455 3112 duobus
475 3057 566 3133 quinis
587 3055 688 3115 diebus
706 3052 885 3134 Chrysippus
910 3054 1076 3132 dariliubet.

85 3139 131 3197 sic
147 3146 176 3196 et
197 3136 364 3236 hydropicis
379 3140 549 3198 contrarium
570 3156 653 3214 csse,
676 3139 803 3217 quamvis
824 3140 931 3198 urinam
953 3147 1077 3214 moveat,

40 3238 75 3282 35
86 3222 185 3295 docet,
203 3222 271 3280 item
286 3221 396 3296 veneri,
412 3223 529 3282 vesicas
542 3239 658 3301 qnoque
672 3223 725 3281 nisr
719 3222 900 3296 decoctum,
917 3239 991 3300 quae
1005 3239 1082 3300 aqua

86 3325 112 3366 sr
104 3304 247 3365 canibus
264 3304 357 3379 detur,
377 3306 471 3365 occidi
487 3323 550 3382 eos,
566 3309 595 3365 in
610 3306 675 3364 vino
692 3305 832 3366 decoctae
847 3306 951 3366 radicis
968 3323 1076 3381 sucum,

86 3391 111 3448 si
129 3403 181 3448 ore
198 3387 385 3465 contineatur,
404 3388 534 3448 dentibus
550 3389 668 3450 mederi.

152 3473 200 3532 11.
218 3471 302 3551 (44.)
325 3471 402 3550 Apio
416 3474 531 3549 gratia
522 3491 549 3532 m
562 3474 651 3550 volgo
668 3482 720 3533 est.
754 3491 874 3553 namque
889 3469 958 3534 rami
974 3473 1056 3534 lactis
1070 3485 1120 3538 112
