2552 3866
308 249 389 298 aar.
404 250 495 299 mse.
510 252 611 299 mn.
626 249 746 306 au-et.
763 243 915 327 (te—tt.)
1047 249 1109 312 tta
1217 261 1224 271 ’

110 402 185 463 bunc
199 400 299 462 ltaliae
315 402 448 480 palmites
462 413 613 482 spectent,
636 407 689 466 sed
709 424 766 467 non
784 409 890 486 plagae
911 410 1044 474 arborum
1065 417 1106 476 vi·

110 487 226 546 tiunrve.
257 485 306 545 bic
322 485 416 546 olivae
429 488 562 549 timeatur
577 490 762 566 vergiliarum
778 493 946 571 quatriduo,
969 495 1044 558 bunc
1059 517 1105 560 ca·

108 577 177 629 reat
193 569 295 628 insitor
309 569 426 630 calamis
440 575 619 651 gemmisque
634 574 805 634 inoculator.
825 575 871 638 De
883 578 946 654 ipsa
962 583 1149 656 regioniseoo

108 653 171 713 eius
186 652 258 712 hora
272 655 490 731 praemonuisse
506 657 665 716 conveniat.
693 657 825 719 frondem
838 661 933 722 medio
947 662 1005 739 die,
1022 665 1105 726 arbo·

83 747 197 813 orator,
211 753 247 796 ue
266 736 389 796 caedito.
421 755 486 798 oum
501 741 648 800 meridiem
664 741 770 802 adesse
785 745 912 821 senties,
924 754 1035 823 pastor,
1055 765 1103 808 ae·

107 829 181 882 state
199 819 385 882 contrahente
401 838 435 880 se
452 822 562 899 umbra,
581 823 722 901 pecudem
738 843 754 886 e
770 826 835 886 sole
850 829 879 888 iu
889 844 983 908 opaca
993 833 1100 908 cogito.

107 923 170 966 cum
195 912 305 964 aestate
327 921 449 981 pasces,
473 907 501 965 in
527 908 709 968 occidentem
734 919 835 986 specta
859 920 926 972 ante
944 914 1104 990 meridiem,

106 995 174 1068 post
197 987 345 1048 meridiem
361 989 390 1047 iu
413 989 571 1067 orientem,
598 992 683 1052 aliter
702 994 833 1070 noxium,
848 996 932 1056 'sicut
955 987 1051 1058 bieme
1075 1009 1105 1059 et

107 1090 178 1134 vere
194 1072 219 1130 si
236 1072 264 1130 in
279 1071 458 1134 rorulentum
472 1074 570 1136 duces.
604 1094 641 1134 ne
658 1085 758 1138 contra
772 1079 1000 1156 septentrionem
1015 1100 1103 1160 pave·

71 1184 97 1226 m
109 1158 150 1216 ris
165 1172 251 1233 supra
268 1155 382 1216 dictum.
418 1156 568 1224 eludantur
581 1159 620 1218 ita
641 1158 800 1238 lippiuntve
815 1161 851 1223 ab
871 1163 976 1225 adflatu
993 1174 1023 1224 et
1037 1166 1104 1227 alvo

98 1243 163 1301 cita
178 1248 310 1318 pereunt.
344 1241 391 1318 qui
405 1240 525 1304 ieminas
541 1243 657 1321 concipi
672 1244 756 1304 voles
770 1246 799 1305 in
813 1244 889 1308 bunc
898 1242 1020 1308 'ventum
1034 1267 1101 1328 spe·

106 1325 209 1386 stantis
228 1324 291 1382 iniri
309 1324 418 1400 cogito.
459 1387 463 1393 ,
1019 1384 1030 1396 ,
1099 1372 1114 1404 s

166 1407 216 1468 34.
239 1407 323 1485 (77.)
346 1408 387 1486 [1]
401 1407 532 1469 Diximus
549 1417 580 1470 ιιι
599 1410 629 1468 in
644 1410 737 1475 media
759 1411 826 1472 linia
843 1414 1043 1492 designaretur
1050 1437 1085 1472 m
1092 1426 1143 1484 331

105 1491 266 1552 umbilicus.
286 1509 338 1569 per
351 1491 427 1552 bunc
439 1494 564 1555 medium
572 1502 703 1554 traversa
716 1505 813 1560 currat
829 1494 893 1556 alia.
911 1497 985 1558 baec
998 1502 1052 1561 erit
1063 1502 1100 1562 ab

70 1597 95 1636 us
106 1583 208 1636 exortu
223 1575 426 1652 aequinoctiali
440 1576 475 1636 ad
492 1578 627 1638 occasum
642 1578 892 1655 aequinoctialem,
909 1591 938 1640 et
953 1582 1036 1642 limes
1052 1587 1102 1663 qui

105 1661 144 1719 ita
155 1655 267 1717 secabit
277 1673 377 1734 agrum
391 1659 565 1721 decumanus
576 1660 736 1721 venabitur.
759 1663 897 1724 ducantur
909 1664 1013 1724 deinde
1025 1667 1115 1728 aliae.

105 1743 178 1804 duae
194 1740 279 1800 liniae
295 1742 323 1800 in
338 1741 469 1802 decussis
485 1743 631 1822 obliquae,
651 1745 689 1804 ita
705 1753 734 1804 ut
749 1763 766 1806 a
779 1746 983 1823 septentrionis
1000 1748 1101 1810 dextra

105 1828 246 1902 laevaque
269 1825 304 1886 ad
325 1827 413 1885 austri
436 1825 564 1888 dextram
585 1845 620 1887 ac
634 1828 746 1889 laevam
760 1829 946 1898 descendant.
980 1840 1142 1898 amnestia

106 1929 159 1990 per
178 1909 299 1970 eundem
317 1907 432 1973 currant
452 1910 631 1987 umbilicum,
659 1929 759 1974 omnes
781 1915 855 1974 inter
873 1932 906 1974 se
926 1933 1012 1994 pares
1032 1918 1098 1992 sint,

69 2017 95 2058 uu
107 1995 230 2054 omnium
255 1993 406 2054 intervalla
423 1995 512 2072 paria.
553 2013 627 2073 quae
643 1997 715 2056 ratio
738 1997 830 2059 semel
850 1999 878 2059 in
893 2017 1010 2080 quoque
1027 2018 1098 2078 agro

104 2077 228 2138 ineunda
242 2077 296 2136 erit
310 2076 375 2153 vel,
400 2078 425 2136 si
440 2078 557 2156 saepius
571 2077 661 2139 libeat
673 2082 724 2154 nti,
752 2099 770 2140 e
796 2082 874 2158 ligno
888 2083 1031 2160 iacienda,
1052 2103 1098 2144 re·

105 2161 181 2240 gulis
196 2159 315 2240 paribus
335 2161 363 2219 in
379 2169 542 2240 tympanum
560 2163 694 2240 exiguum
713 2165 767 2224 sed
791 2166 956 2226 circinatum
977 2166 1095 2229 adactis.
1171 2207 1180 2226 ,

104 2247 287 2322 rationeque
303 2239 398 2305 doceo
417 2245 625 2308 occurrendum
638 2247 762 2323 ingeniis
775 2266 891 2328 quoque
911 2250 1097 2326 inperitorum

105 2338 159 2389 est.
190 2329 339 2389 meridiem
355 2331 451 2390 excuti
465 2329 574 2408 placet,
591 2332 724 2409 quoniam
739 2349 855 2409 semper
871 2331 946 2392 idem
962 2340 1017 2408 est,
1032 2333 1076 2393 sol
1087 2344 1140 2400 aaa

70 2436 96 2478 ιι
107 2421 201 2474 autem
217 2413 323 2472 cotidie
338 2429 376 2472 ex
394 2412 452 2472 alio
468 2412 543 2474 caeli
557 2423 702 2477 momento
723 2433 807 2492 quam
826 2414 918 2494 pridie
937 2417 1042 2491 oritur,
1062 2434 1098 2475 ne

105 2498 170 2576 quis
185 2497 262 2556 torte
275 2496 311 2556 ad
326 2506 458 2556 exortum
478 2497 647 2574 capiendam
664 2508 744 2578 putet
767 2499 871 2561 liniam.
900 2495 942 2560 Ita
958 2499 1032 2560 caeli
1047 2517 1096 2560 ex·
1162 2497 1173 2512 “

105 2589 170 2640 acta
184 2589 265 2658 parte
278 2579 356 2658 quod
372 2580 459 2642 luerit
478 2580 563 2643 liniae
583 2591 669 2660 caput
688 2583 878 2660 septentrioni
899 2599 1099 2661 proxumuma

55 2693 57 2696 ·
106 2673 189 2744 parte
204 2665 334 2723 exortiva
348 2664 528 2725 solstitialem
542 2664 659 2726 inaltabit
673 2675 820 2741 exortum,
846 2666 903 2727 boc
927 2675 972 2728 est
990 2666 1097 2744 longis:
1151 2684 1156 2708 ι

106 2747 170 2808 simi
185 2745 258 2821 diei,
280 2757 452 2828 ventumque
468 2746 632 2824 aquilonem
651 2749 761 2808 borean
780 2749 898 2810 Graecis
912 2749 1027 2810 dictum.
1056 2751 1141 2814 ineos

70 2851 96 2893 so
106 2831 181 2892 luunc
197 2832 296 2908 ponito
311 2830 431 2892 arbores
446 2832 580 2909 vitisque.
610 2833 662 2894 sed
678 2832 735 2892 boc
755 2831 841 2896 flante
856 2850 893 2892 ne
916 2841 1013 2908 arato,
1039 2833 1096 2894 iru-

106 2932 173 2992 gem
193 2931 230 2972 ne
250 2915 357 2989 serito,
378 2933 478 2976 semen
497 2932 534 2974 ne
554 2915 650 2975 iacito.
690 2915 875 2995 praestringit
897 2919 986 2990 enim,
1010 2924 1096 2993 atque

106 2997 259 3077 praecellit
269 2996 317 3057 bic
328 2996 472 3058 radicibus
483 2997 617 3059 arborum
629 3013 699 3076 quas
711 2998 855 3077 positurus
868 2998 994 3059 adieres.
1014 3014 1097 3075 prae·

106 3082 209 3141 doctus
225 3090 304 3141 esto:
327 3080 383 3142 alia
400 3080 526 3142 robustis
544 3089 681 3160 prosunt,
702 3081 759 3142 alia
778 3080 941 3143 infantibus.
959 3115 1002 3126 -—
1019 3099 1074 3141 nec
1085 3092 1139 3146 335

107 3183 169 3225 sum
187 3163 294 3225 oblitus
314 3167 342 3224 in
361 3165 416 3226 hac
438 3174 520 3242 parte
547 3174 661 3227 ventum
674 3165 799 3230 ,Graecis
826 3167 893 3243 poni
922 3183 1006 3242 quem
1032 3182 1097 3224 cae-

73 3250 172 3308 sscian
197 3257 311 3328 vocant.
355 3247 408 3309 sed
435 3249 508 3309 idem
529 3248 721 3328 Aristoteles,
754 3250 797 3309 vir
817 3249 963 3310 inmensae
987 3247 1097 3308 subtili-

108 3331 185 3407 tatis,
207 3329 297 3410 quiid
314 3333 406 3409 ipsum
420 3332 506 3406 iecit,
525 3335 665 3393 rationem
677 3333 867 3398 convexitatis
883 3331 977 3394 mundi
992 3332 1097 3407 reddit,

108 3431 164 3493 qua
189 3416 349 3474 contrarius
375 3415 472 3492 aquilo
495 3415 596 3476 Africo
623 3416 681 3478 det.
698 3451 740 3462 -
758 3435 813 3475 nec
834 3425 928 3476 tamen
948 3433 1011 3475 eum
1034 3425 1098 3475 toto

109 3516 182 3557 anno
197 3500 226 3558 in
238 3497 394 3577 praedictis
407 3501 487 3558 timet
502 3499 639 3575 agricola.
661 3500 785 3560 mollitur
799 3491 896 3560 sidere
911 3507 1021 3560 aestate
1036 3516 1094 3558 me·
