2552 3866
280 230 373 277 *usu
391 228 480 276 rursu.
497 229 594 276 xv111.
609 225 728 278 uta—as.
746 217 897 297 (st—57.)
1018 218 1077 282 129

85 382 166 442 citius
182 383 252 444 alias
270 382 378 442 tardius
395 383 514 442 coelesti
530 381 637 442 effectu
654 382 690 442 ad
704 391 809 440 terram
825 383 963 458 deciduo,
987 386 1076 462 volgo
1156 433 1160 441 .

84 467 237 526 serenitate
254 466 365 526 reddita
389 465 551 525 coniectum
569 465 646 524 sidus
662 465 798 525 audimus.
829 465 982 528 Praeterea
997 478 1135 548 cantabit,

83 551 175 609 omnia
191 550 265 610 haec
279 549 361 608 statis
379 548 520 608 sideribus
538 547 678 625 caeloque
700 548 802 608 adiixis
824 559 971 625 constent,
991 553 1076 612 inter-

82 635 199 694 veniunt
214 643 291 693 motu
307 631 454 692 stellarum
465 633 629 708 grandines,
644 630 751 690 imbres
764 641 793 690 et
805 632 860 710 ipsi
872 649 928 692 non
939 634 997 693 levi
1009 636 1076 694 eide·

62 725 140 791 ectu,
155 725 184 775 ut
199 718 361 792 docuimus,
378 715 550 792 turbantque
567 723 726 792 conceptae
742 717 805 792 spei
818 716 955 776 ordinem.
981 717 1078 796 idque,
1086 738 1119 774 us

82 817 118 858 ne
130 799 214 860 nobis
227 809 333 860 tantum
345 807 476 877 putemus
489 799 635 877 accidere,
650 807 679 857 et
689 797 801 875 reliqua
813 800 886 860 fallit
894 801 1024 862 animalia
1034 818 1078 860 sa·

81 884 201 958 gacicra
213 885 294 943 circa·
302 883 368 958 boc,
381 891 411 941 ut
423 897 479 960 quo
491 883 549 941 vita
558 899 656 941 eorum
666 891 791 958 constet,
804 885 986 963 aestivasque
996 885 1077 944 alites

81 969 264 1045 praeposteri
281 976 329 1027 aut
346 967 538 1044 praeproperi
554 967 667 1042 rigores
679 975 798 1041 necant,
816 966 951 1027 hibernas
970 976 1077 1028 aestus.

81 1049 148 1108 ideo
167 1050 312 1128 Vergilius
329 1051 480 1110 errantium
498 1065 614 1128 quoque
635 1049 759 1109 siderum
775 1052 914 1110 rationem
931 1051 1121 1115 edisces-209

51 1143 72 1186 1⁰
81 1132 144 1192 dam
160 1136 312 1212 praecipit,
332 1134 489 1193 admonens
499 1132 709 1192 observandum
718 1132 839 1209 trigidae
851 1135 964 1194 Saturni
975 1136 1078 1196 stellae

80 1220 237 1281 transitum.
270 1227 333 1278 sunt
352 1219 400 1295 qui
411 1217 601 1277 certissimum
611 1217 689 1276 veris
701 1215 833 1276 indicium
853 1216 1026 1278 arbitrentur
1041 1219 1078 1278 ob

80 1300 271 1362 infirmitatem
286 1301 415 1361 animalis
431 1300 603 1380 papiliones.
634 1301 662 1360 id
677 1317 713 1358 eo
729 1300 794 1376 ipso
817 1318 890 1360 anno
915 1319 977 1361 cum
1001 1319 1077 1362 com·
1126 1329 1129 1336 ¹

80 1394 271 1446 mentaremur
282 1385 359 1445 baec
373 1393 499 1446 notatum
515 1393 570 1460 est,
587 1392 758 1462 proventum
774 1400 874 1444 eorum
890 1395 936 1444 ter
951 1389 1075 1464 repetito

81 1465 188 1544 frigore
207 1471 394 1544 exstinctum,
417 1468 603 1546 advenasque
623 1469 759 1528 volucres
780 1486 806 1528 a.
822 1468 850 1528 d.
873 1481 918 1528 vt.
939 1468 1077 1530 kalendas

52 1563 72 1606 rs
80 1547 164 1613 Febr.
183 1571 268 1633 spem
280 1553 357 1614 veris
374 1552 504 1613 attulisse
514 1569 582 1610 mox
600 1553 769 1612 saevissima
780 1550 874 1610 hieme
890 1552 1075 1612 condictatus.

79 1631 138 1694 Res
162 1635 712 1714 anceps:primnmomniu1uaeae}o
735 1635 794 1711 peti
817 1633 929 1710 legem,
955 1635 1119 1699 deindeblo

80 1735 141 1777 eam
163 1721 340 1797 argumentis
362 1736 429 1777 esse
453 1718 654 1796 quaerendam.
692 1734 780 1794 super
803 1719 896 1777 omnia
917 1727 962 1776 est
983 1720 1077 1779 mundi

81 1807 251 1863 convexitas
265 1811 462 1878 terrarumque
479 1800 559 1878 globi
576 1802 753 1875 differentia,
779 1791 880 1860 eodem
902 1801 998 1860 sidere
1021 1802 1076 1862 alio

80 1892 213 1964 tempore
230 1886 293 1946 aliis
308 1886 459 1963 aperiente
477 1903 509 1943 se
525 1885 668 1962 gentibus,
688 1901 745 1963 quo
761 1883 791 1942 iit
805 1893 834 1943 ut
850 1902 934 1945 causa
947 1886 1009 1944 eius
1020 1902 1077 1945 non

50 1982 72 2024 no
82 1969 180 2031 iisdem
200 1969 303 2030 diebus
316 1969 422 2046 ubique
438 1968 541 2028 valeat.
572 1967 707 2027 addidere
726 1967 921 2028 difficultatem
934 1978 963 2028 et
977 1979 1075 2030 aucto·

80 2070 126 2112 res
142 2054 269 2116 diversis
282 2056 311 2113 in
326 2053 399 2112 locis
415 2051 609 2124 observando,
627 2069 694 2111 mox
708 2051 792 2110 etiarn
807 2053 835 2111 in
850 2053 950 2112 iisdem
963 2053 1077 2115 diversa

81 2138 243 2211 prodendo.
275 2147 335 2196 tres
362 2145 455 2196 autem
476 2135 558 2194 fuere
575 2143 690 2209 sectae,
718 2131 879 2209 Chaldaea,
903 2136 1116 2214 Aegyptia,bll

81 2217 202 2284 Graeca.
234 2221 277 2282 his
294 2219 401 2281 addidit
416 2227 543 2296 quartam
558 2218 634 2296 apud
649 2235 702 2276 nos
718 2214 826 2277 Caesar
843 2218 966 2277 dictator
987 2237 1075 2278 annos

81 2302 115 2361 ad
131 2307 204 2368 solis
221 2322 333 2365 cursum
350 2302 485 2379 redigens
508 2302 637 2378 singulos
659 2302 800 2376 sosigene
822 2302 915 2378 perito
939 2301 1076 2360 scientiae

50 2386 143 2448 2ὅθίιιε
159 2389 299 2451 adhibito.
331 2396 360 2446 et
376 2405 410 2446 ea
425 2389 487 2464 ipsa
503 2387 575 2446 ratio
600 2395 703 2463 postea
725 2393 865 2462 conperto
891 2402 991 2444 errore
1007 2402 1075 2444 cor·

81 2481 162 2533 recta
178 2482 225 2534 est
240 2475 278 2531 ita
296 2481 326 2531 ut
339 2483 391 2530 x11
411 2471 490 2530 anuis
512 2471 652 2528 continuis
673 2487 730 2528 non
751 2468 985 2547 intercalaretur,
1011 2470 1076 2546 quia

83 2565 226 2632 coeperat
238 2555 333 2614 sidera
349 2571 436 2614 annus
447 2553 552 2612 morari
565 2554 612 2632 qui
623 2555 701 2632 prius
714 2552 914 2612 antecedebat.
943 2561 971 2612 et
980 2552 1058 2614 Sosi·
1067 2562 1118 2614 212

82 2650 173 2708 genes
193 2642 257 2717 ipse
271 2639 351 2698 trinis
363 2635 657 2715 commentationibus,
674 2653 840 2714 quamquam
852 2636 1074 2712 diligentiorce-

82 2721 164 2797 teris,
180 2740 238 2783 non
254 2723 379 2781 cessavit
393 2730 488 2780 tamen
507 2719 674 2779 addubitare
697 2720 760 2796 ipse
780 2727 871 2778 semet
892 2719 1075 2795 corrigendo.

50 2806 74 2850 ³0
84 2812 220 2867 auctores
235 2805 389 2883 prodidere
406 2821 441 2863 ea
456 2818 529 2881 quos
545 2801 758 2877 praetexuimus
772 2801 906 2860 volumini
921 2802 997 2875 huic,
1010 2818 1075 2862 raro

83 2882 169 2946 ullius
188 2889 329 2949 sententia
345 2887 480 2947 eumalio
502 2895 688 2960 congruente.
725 2884 816 2944 minus
833 2883 889 2943 boc
909 2886 938 2944 iu
957 2883 1074 2961 reliquis

15 3029 16 3038 ,
83 2968 194 3049 mirum,
211 2990 284 3051 quos
300 2971 406 3032 diversi
422 2968 625 3030 excusaverint
643 2977 760 3028 tractus.
793 2985 890 3028 eorum
911 2967 958 3045 qui
979 2968 1006 3024 in
1027 2983 1074 3024 ea·

84 3047 148 3110 dem
169 3059 290 3134 regione
313 3053 478 3127 dissedere,
503 3069 585 3138 uuam
607 3050 775 3110 discordiam
796 3067 934 3128 ponemus
951 3049 1074 3127 exempli

84 3137 193 3204 gratia:
215 3155 349 3199 occasum
360 3137 521 3196 matutinum
531 3135 715 3211 vergiliarum
726 3133 868 3194 Hesiodus
879 3167 920 3178 -
935 3147 997 3192 nam
1009 3133 1057 3191 bu·
1065 3143 1116 3198 213

53 3219 77 3263 ³⁵
85 3212 129 3274 ius
141 3223 376 3300 quoquenomine
385 3227 479 3281 exstat
491 3216 812 3294 astrologia—tradidit
823 3216 895 3294 fieri,
906 3232 968 3276 oum
978 3217 1073 3294 aequi·

87 3305 213 3364 noctium
224 3307 345 3366 autumni
355 3304 557 3378 conficeretur,
566 3301 671 3362 'l’hales
678 3315 758 3362 xxv.
771 3302 818 3362 die
831 3300 867 3360 ab
880 3301 1072 3380 aequinoctio,

88 3377 301 3450 Anaximander
322 3401 435 3460 xxm,
454 3385 611 3446 Euctemon
627 3399 744 3446 xnvln.
779 3401 832 3444 nos
845 3385 989 3461 sequimur
1006 3384 1115 3448 abati
1203 3425 1206 3429 -

90 3473 283 3532 servationem
299 3469 432 3530 Caesaris
449 3485 594 3545 maxume,
610 3470 682 3530 baec
701 3470 755 3530 erit
770 3467 868 3529 ltaliae
884 3469 966 3528 ratio.
995 3468 1071 3528 dice-

131 3569 200 3614 runt.
213 3578 274 3616 nur.
287 3577 355 3616 nrsr.
368 3559 412 3614 111.
892 3551 911 3612 9
