2538 3864
288 229 368 276 unu.
384 227 475 276 mrsu.
491 229 551 276 xx.
570 185 691 278 ιιι-ιι.
711 215 864 294 (us—86.)
1019 217 1079 280 225

89 382 193 458 cyathis
211 383 300 442 ternis
323 383 454 460 tepidus,
480 391 510 442 et
529 371 735 442 insanientibus
758 381 920 460 quaternis,
939 381 1079 445 decoctae

89 466 270 527 comitialibus
286 466 417 526 heminae
440 469 511 527 suci.
546 467 593 527 hic
608 475 637 524 ct
652 465 808 525 calculosis
824 475 853 525 et
868 465 1013 526 inflatione
1031 477 1122 532 ιι228
1151 483 1153 492 ’

86 550 245 610 torminibus
267 558 316 610 aut
344 550 559 628 opisthotonico
587 547 783 609 laborantibus
805 549 920 626 tepidus
945 551 1079 611 inlinitur.

87 643 113 694 et
126 635 214 694 sacris
228 633 342 710 ignibus
358 643 387 694 et
402 635 540 694 ambustis
557 634 678 693 decocta
694 635 722 692 in
740 633 835 694 oleum
850 630 922 692 lolia
941 634 1079 713 inponun-

61 739 72 778 ι
87 727 137 794 ιιι,
151 726 179 777 ιι
193 717 229 777 ad
243 718 418 788 volnerum
409 728 531 817 impetus
544 718 632 778 cruda
645 734 708 776 cum
724 733 809 795 pane.
840 734 925 782 sucus
938 715 1079 779 decoctae

85 803 175 860 nervis
186 802 311 880 prodest
330 810 359 861 et
378 803 496 861 uesicae
514 809 544 861 et
558 802 758 864 intestinorum
773 799 949 860 rosionibus.
977 802 1079 863 volvas

85 894 112 944 et
127 885 189 944 cibo
204 896 233 946 et
247 885 390 945 inlusione
405 885 516 946 emollit
529 885 641 961 oleum,
658 902 748 944 sucus
760 883 902 944 decoctae
909 896 1080 966 permeatus

84 970 174 1028 suavis
189 969 267 1029 iacit.
289 969 458 1040 Althaeae
449 987 477 1028 ιιι
493 969 624 1029 omnibus
641 967 829 1061 supradictis
848 961 1011 1031 efficacior
1015 989 1059 1032 ra·
1049 979 1122 1034 -229

84 1053 144 1128 dix,
165 1055 328 1152 praecipue
353 1053 501 1114 convolsis
523 1033 684 1132 ruptisque
722 1060 807 1112 cocta
833 1052 861 1110 in
884 1069 957 1132 aqua
983 1055 1079 1115 alvom
1177 1089 1178 1094 ι

47 1160 73 1202 ιι
84 1137 160 1196 sistit.
195 1155 233 1196 ex
254 1138 321 1196 vino
347 1137 414 1198 albo
431 1148 551 1197 strumas
568 1146 596 1196 et
611 1136 775 1215 parotidas,
795 1143 824 1194 et
841 1153 1021 1198 mammarum
1038 1139 1080 1197 in·

80 1219 285 1282 damnationes
309 1231 338 1282 et
355 1238 447 1299 panos
470 1223 499 1281 in
513 1223 581 1280 vino
598 1219 668 1280 lolia
684 1219 808 1280 decocta
825 1228 854 1279 et
868 1219 948 1282 inlita
964 1222 1077 1282 tollunt

80 1303 177 1368 cadem
203 1305 282 1366 arida
315 1306 344 1364 in
370 1305 447 1366 lacte
470 1306 592 1366 decocta
618 1302 775 1382 quamlibet
797 1305 981 1381 perniciosae
1007 1299 1079 1366 tussi
1150 1304 1208 1353 ν’
1241 1303 1247 1312 ’

80 1389 211 1449 citissime
233 1389 395 1449 medentur.
436 1383 631 1467 Hippocrates
656 1387 816 1449 volueratis
839 1387 1059 1467 sitientibusque
1070 1398 1122 1454 230

79 1470 192 1532 deiectu
211 1473 357 1550 sanguinis
372 1471 479 1534 radicis
495 1472 636 1532 decoctae
654 1489 754 1531 sucum
768 1469 921 1531 bibendum
937 1470 1033 1549 dedit,
1051 1483 1081 1534 et

43 1555 169 1632 reipsam
185 1557 354 1616 volneribus
372 1575 435 1617 cum
449 1557 583 1618 melleet
602 1557 713 1631 resina,
731 1555 799 1614 item
817 1556 980 1631 contunsis,
999 1556 1080 1616 luxa·

78 1640 130 1715 tis,
148 1639 320 1700 tumentibus
341 1648 370 1698 et
390 1638 546 1715 musculis,
561 1639 669 1713 nervis,
689 1599 816 1698 abticulis
838 1639 964 1716 inposuit
986 1647 1016 1698 ut
1032 1659 1078 1700 ιιι-

76 1739 139 1800 pra,
162 1723 313 1800 spasticis,
337 1721 554 1796 dysintericis
545 1739 574 1784 ιιι
594 1722 661 1781 vino
682 1720 835 1780 bibendam
853 1720 939 1780 dedit
980 1723 1079 1782 mirum

76 1822 178 1884 aquam
193 1802 293 1864 radice
310 1823 345 1864 ea
362 1799 457 1864 addita
479 1797 631 1866 addensari
647 1803 699 1864 sub
717 1802 764 1863 diu
779 1813 866 1883 atque
882 1803 1077 1880 glaciescere.

76 1877 227 1950 efficacior
242 1893 345 1948 autem
342 1905 407 1967 quo
422 1891 579 1949 recentior
1172 1955 1175 1968 .

39 1991 65 2031 ao
140 1971 225 2050 (85.)
246 1971 310 2032 Nec
331 1972 477 2050 lapathum
496 1973 640 2032 dissimilis
667 1972 787 2034 allectus
813 1970 909 2033 habet.
943 1981 987 2033 est
1010 1992 1057 2034 au·
1070 1983 1120 2038 231

75 2066 104 2117 et
122 2067 179 2116 tem
194 2056 341 2133 silvestre,
363 2055 440 2134 quod
455 2056 504 2116 alii
521 2056 636 2116 oxalida
658 2055 828 2134 appellant,
826 2073 954 2135 sapore
973 2053 1078 2156 proxu-

72 2158 166 2216 mum,
189 2140 269 2200 loliis
289 2140 396 2215 acutis,
422 2139 523 2200 colore
543 2139 631 2210 betae
652 2138 808 2215 candidae,
828 2141 926 2200 radice
946 2142 1077 2218 minuma,
1134 2141 1137 2144 ’

17 2237 19 2242 ·
72 2227 166 2284 nostri
182 2241 254 2284 vero
271 2225 424 2299 rumicem,
448 2224 495 2284 alii
510 2223 656 2302 lapathum
672 2222 882 2300 cantherinum,
906 2224 942 2283 ad
958 2232 1077 2285 strumas

73 2327 139 2369 cum
151 2310 276 2386 axungia
288 2307 530 2367 efficacissimum.
549 2314 594 2367 est
606 2315 634 2365 et
645 2307 765 2366 alterum
776 2324 868 2383 genus
878 2343 919 2354 —
930 2307 995 2368 fere
1008 2322 1077 2383 oxy·

18 2444 21 2463 ,
35 2412 61 2452 ιι
73 2393 214 2468 lapathon
225 2400 392 2466 vocant-‚
405 2393 499 2450 sativo
510 2390 538 2451 id
550 2399 596 2450 est
607 2391 742 2465 similius,
755 2389 808 2450 scd
819 2393 948 2453 acutiora
959 2389 1030 2451 lolia
1044 2408 1079 2451 ac

73 2475 224 2552 rubriora,
240 2493 298 2536 non
311 2476 366 2535 nisi
381 2476 409 2533 in
421 2474 597 2553 palustribus
613 2491 758 2534 nascens..
778 2483 842 2534 sunt
858 2477 905 2553 qui
927 2483 956 2538 et
972 2474 1077 2550 hydro·

17 2631 18 2634 ι
72 2557 215 2634 lapathou
229 2561 341 2619 tradant
362 2559 390 2618 in
408 2576 480 2636 aqua
495 2557 591 2618 natum
611 2567 640 2618 et
659 2556 736 2618 aliud
750 2557 977 2638 hippolapathon
988 2559 1077 2619 maius

17 2679 18 2688 .
71 2643 169 2700 sativo
186 2641 390 2722 candidiusque
417 2661 452 2701 ac
466 2644 598 2720 spissius.
630 2642 781 2712 Silvestria
797 2645 981 2720 scorpionum
996 2645 1056 2702 icti·
1069 2651 1120 2707 232

71 2725 129 2784 bus
150 2725 301 2785 medentur
318 2735 347 2785 ιι
367 2726 449 2786 feriri
466 2725 620 2803 prohibent
639 2725 780 2784 habentis.
821 2725 903 2786 radix
924 2736 1008 2786 aceto
1028 2726 1077 2786 de·

32 2833 60 2875 ιο
73 2817 180 2885 cocta,
203 2810 227 2867 si
248 2809 397 2870 conluatur
411 2825 513 2885 sucus,
534 2806 665 2868 dentibus
682 2807 848 2883 auxiliatur,
871 2810 896 2868 si
912 2827 983 2870 vero
998 2808 1077 2868 biba·

69 2901 137 2969 tur,
152 2891 255 2952 morbo
274 2893 367 2969 regio.
403 2910 503 2954 semen
520 2892 659 2951 stomachi
673 2891 883 2952 inextricabilia
902 2893 971 2958 vitia
987 2901 1074 2952 sanat.

67 2974 277 3055 hippolapathi
288 2975 401 3036 radices
415 2976 546 3054 privatim
559 2977 661 3051 unguis
675 2973 795 3035 scabros
810 2976 968 3036 detrahunt.
979 2991 980 2996 ’
992 2974 1056 3051 dys·
1069 2984 1120 3040 233

68 3060 215 3120 intericos
243 3077 344 3120 semen
369 3058 478 3119 duabus
511 3059 653 3119 drachmis
678 3060 707 3118 in
736 3059 803 3117 vino
836 3069 934 3138 potum
964 3058 1076 3119 liberat.

69 3143 246 3221 oxylapathi
268 3161 369 3204 semen
390 3142 479 3202 lotum
500 3145 529 3203 iu
545 3161 617 3221 aqua
639 3144 759 3204 caelesti
773 3144 940 3220 sanguinem
955 3143 1076 3202 reicien·
1162 3184 1165 3194 ι

28 3241 56 3282 ιι
69 3227 155 3286 tibus
178 3227 291 3286 adiecta
306 3227 405 3288 acacia
420 3227 505 3285 lentis
520 3227 713 3302 magnitudine
728 3226 857 3304 prodest.
891 3228 1076 3306 praestantis-

69 3311 167 3370 simos
183 3309 318 3388 pastillos
332 3310 441 3370 faciunt
454 3328 492 3370 ex
505 3310 583 3370 foliis
600 3320 629 3369 et
643 3309 741 3371 radice
762 3310 858 3373 addito
873 3313 947 3372 nitro
965 3321 994 3370 ιι
1011 3320 1108 3370 ture

68 3395 196 3471 exiguo.
228 3395 257 3452 iu
273 3412 327 3452 usu
342 3403 426 3453 aceto
445 3394 562 3454 diluunt

138 3477 224 3556 (86.)
248 3477 307 3538 Sed
322 3478 443 3538 sativom
463 3479 492 3537 iu
510 3478 659 3558 epiphoris
676 3477 824 3537 oculorum
840 3477 959 3538 inlinunt
974 3477 1050 3538 lron
1064 3487 1117 3542 ιιι

90 3562 909 3623 rcrx.uur.u1sr.lll.15
