2512 3858
298 206 377 256 aar.
392 205 482 256 mrsu·
495 205 567 256 xvr.
583 202 704 258 aa-at.
722 189 871 280 (sesa.)
1046 192 1087 255 27

91 364 172 428 muni
185 362 258 424 lolio
272 359 414 440 brevique
429 369 459 420 et
468 360 572 420 virenti
588 376 704 437 semper
718 361 856 428 restiens.
882 359 1128 438 progenerandi

92 465 207 510 earum:
223 455 300 513 meta
315 446 344 505 iu
359 444 503 522 fastigium
518 443 689 518 convoluta,
704 461 780 522 quae
794 453 824 503 et
837 443 942 506 femina
956 445 1086 524 appella·

91 542 148 593 tur.
175 548 236 595 mas
254 529 364 606 spargit
381 536 463 588 extra
478 545 513 588 se
531 544 627 588 ramos
641 526 853 605 deputaturque
875 535 905 588 et
925 530 1031 606 aooipit
1046 530 1086 589 vi·

90 626 160 677 tem.
173 623 294 691 utraque
303 621 396 675 autem
404 612 551 672 inmittitur
561 610 724 689 inpertioas
732 627 886 673 asseresve
895 612 1086 689 amputatione

67 715 246 772 ammarum,
264 697 312 774 qui
326 709 403 756 xm.
420 711 495 754 anno
510 694 634 758 denariis
651 693 770 770 siugulis
781 703 918 768 veneunt,
934 704 1087 772 quaestuo-

92 783 206 844 sissima
220 781 250 840 in
268 789 348 841 satus
369 779 481 840 ratione
495 779 584 852 silva,
603 777 752 855 volgoque
775 777 871 838 dotem
887 777 964 838 tiliae
981 779 1088 856 antiqui

91 865 232 945 plantaria
248 861 442 942 appellabant.
473 861 547 922 lluio
569 862 660 941 patria
680 861 772 923 insula
788 859 892 937 Creta,
919 878 1088 940 quamquam

92 949 167 1012 Gato
183 947 364 1008 Tarentinam
380 963 444 1006 eam
462 945 607 1024 appellat,
628 945 736 1020 oredo,
754 946 832 1023 quod
848 946 969 1024 primum
985 962 1021 1006 eo
1036 964 1087 1005 ve·
1193 973 1196 982 ¹

90 1034 225 1094 maritet
246 1033 275 1090 in
288 1029 414 1090 Aenaria
434 1031 550 1092 suoaisa
563 1030 748 1106 regerminat.
779 1030 832 1090 sed
853 1026 985 1094 increta
1001 1039 1129 1106 qno-142

60 1131 216 1194 rasumque
236 1115 265 1174 in
286 1115 353 1174 loeo
377 1122 485 1174 terram
504 1114 626 1175 moverit
642 1113 799 1191 quispiam,
821 1113 851 1174 ui
873 1112 993 1174 naturali
1015 1113 1089 1175 lraea

92 1201 219 1278 gignitur
226 1198 415 1277 protinusque
430 1197 545 1270 emieat,
560 1195 609 1256 illa
619 1213 690 1256 vero
703 1197 787 1258 etiam
796 1213 853 1256 uon
865 1197 1012 1275 appellato
1022 1197 1086 1258 solo

91 1302 129 1344 ao
143 1291 248 1362 sponte
262 1298 453 1360 maxumeque
468 1281 497 1340 in
512 1279 606 1343 Idaeis
626 1280 769 1340 montibus
785 1289 815 1340 et
837 1297 910 1359 quos
926 1279 1019 1342 Albos
1037 1299 1087 1342 vo-

92 1375 160 1428 eant
175 1365 348 1443 summisque
363 1364 391 1424 in
402 1364 459 1439 his,
475 1363 550 1424 unde
560 1379 709 1443 numquam
724 1365 806 1424 uires
820 1363 935 1439 absunt,
947 1364 1087 1443 pluruma,

93 1449 172 1530 quod
184 1450 327 1523 miremur,
335 1446 404 1508 alibi
420 1465 478 1508 nou
491 1448 546 1508 nisi
559 1448 588 1511 in
599 1457 703 1527 tepore
718 1448 893 1528 proveniens
908 1456 939 1510 et
948 1447 1089 1512 nutricem

7 1553 8 1610 j
62 1550 197 1614 ramagno
213 1549 304 1611 opere
318 1531 478 1596 fastidiens.

7 1613 9 1696 J
157 1617 242 1696 (61.)
271 1615 337 1676 Neo
357 1621 453 1676 ter'rae
482 1623 588 1678 tantum
609 1623 709 1676 natura
727 1616 808 1676 eirea
834 1614 887 1676 has
908 1615 1001 1677 refert
1018 1625 1067 1678 aut
1079 1623 1130 1680 143

93 1709 235 1781 perpetua
255 1699 346 1774 eneti,
367 1717 467 1760 rerum
481 1709 511 1760 et
522 1698 665 1777 quaedam,
684 1699 859 1776 temporaria
881 1699 925 1757 vis
947 1697 1087 1760 imbrium.

93 1801 189 1864 aquae
202 1783 372 1862 plerumque
387 1783 495 1844 semina
512 1782 655 1856 adierunt,
670 1789 701 1841 et
712 1789 793 1842 uerte
809 1780 897 1842 fluunt
910 1799 1022 1858 genere
1037 1781 1087 1842 ali·

8 1909 10 1974 l
94 1867 209 1947 quaudo
222 1868 307 1930 etiarn
319 1866 567 1945 inoognit0,quod
580 1864 686 1926 auoidit
698 1863 878 1940 Cyrenaicae
888 1865 1012 1942 regioni,
1024 1882 1087 1924 euru

60 1952 214 2032 reprimam
227 1951 267 2010 ibi
282 1951 465 2028 laserpicium
479 1958 575 2010 natum
587 1958 643 2025 est,
659 1957 690 2010 ut
704 1950 734 2010 in
747 1947 900 2010 herbarum
915 1958 1015 2010 natura
1028 1947 1067 2008 di·
1078 1971 1128 2007 run

8 2051 9 2110 t
94 2053 203 2096 eamus.
233 2042 298 2095 nata
316 2041 362 2092 est
379 2041 410 2093 et
426 2032 498 2092 silva
513 2032 576 2092 urbi
592 2035 619 2092 ei
633 2049 774 2111 proxuma
793 2032 885 2095 imbre
906 2034 1086 2114 pteeeeras·

93 2136 187 2198 soqne
202 2117 319 2178 eireiter
335 2115 414 2176 urbis
428 2113 537 2176 Romae
555 2133 656 2176 anunm
671 2127 839 2178 ccccm.

8 2253 10 2280 ,
156 2201 207 2264 34.
229 2199 312 2280 (62.)
342 2197 457 2260 Hedera
472 2200 527 2260 iam
542 2199 644 2260 dieitur
658 2200 686 2258 in
702 2197 773 2258 Asia
786 2201 877 2260 nasei.
908 2212 1129 2277 negaverattts

8 2281 9 2285 ’
94 2283 324 2364 Theophrastus,
337 2300 393 2347 neo
408 2283 436 2342 in
451 2281 530 2344 ludia
544 2282 597 2342 nisi
611 2282 640 2342 iu
653 2291 750 2342 monte
768 2281 860 2356 llero,
891 2283 960 2361 quin
975 2291 1005 2342 et
1016 2283 1085 2347 llar-

61 2391 85 2432 aa
94 2371 190 2448 palum
206 2367 383 2430 omnimodo
397 2366 549 2428 laborasse
565 2374 596 2428 ut
609 2375 724 2426 sereret
739 2383 802 2427 eam
818 2367 847 2426 in
862 2361 956 2426 lledis
969 2365 1087 2442 trusae,
1151 2443 1155 2450 1

94 2452 290 2514 Alexandrum
303 2467 376 2511 vero
388 2450 426 2510 ob
436 2452 580 2511 raritatem
595 2451 634 2512 ita
649 2459 787 2512 coronato
800 2452 931 2511 exercitu
945 2450 1087 2510 viatorem

9 2603 11 2628 ,
93 2555 131 2597 ex
151 2535 234 2597 ludia
255 2535 378 2594 rediisse
402 2534 536 2613 exemplo
549 2533 653 2594 ,liberi
674 2535 780 2613 patris,
805 2535 884 2596 ouius
907 2533 954 2604 dei
970 2543 1000 2596 et
1013 2549 1098 2594 nuno

93 2620 214 2682 adornat
228 2617 344 2692 thyrsos
357 2618 516 2696 galeasque
533 2619 617 2678 etiam
632 2635 668 2678 aa
681 2627 762 2678 senta
775 2619 804 2678 in
816 2618 957 2680 Thraciae
970 2617 1086 2698 populis

93 2700 283 2764 sollemnibus
298 2703 406 2776 saeris,
428 2702 654 2762 inimica-arbori
676 2701 803 2779 satisque
819 2701 966 2778 omnihus,
987 2702 1084 2780 sepul·

61 2811 86 2854 so
95 2787 174 2863 ohra,
186 2801 284 2844 muros
297 2801 444 2863 rumpens,
459 2785 633 2861 serpentium
645 2783 747 2860 frigori
758 2785 929 2862 qradssima,
941 2795 972 2845 nt
985 2788 1084 2845 mirum

10 2867 12 2940 ᾗ
94 2872 132 2930 sit
141 2865 378 2930 ullumlrouorem
388 2868 514 2930 habitum
526 2867 563 2926 ei.
583 2865 647 2926 Duo
659 2883 769 2944 genera
781 2869 844 2927 eius
856 2870 946 2946 prima
956 2877 986 2928 ut
997 2859 1064 2927 reli·
1078 2877 1127 2931 145

95 2969 224 3032 quarum,
242 2969 303 3012 mas
318 2961 403 3030 atque
419 2952 533 3012 femina.
562 2951 653 3010 maior
665 2948 784 3010 traditur
797 2969 857 3012 mas
873 2961 903 3011 et
919 2966 1044 3028 eorpore
1056 2958 1085 3008 et

11 3097 12 3118 ,
94 3036 166 3097 lolio
181 3035 298 3106 dmiore
314 3036 398 3095 etiam
411 3053 448 3095 aa
461 3033 613 3113 pinguiore
635 3043 666 3094 et
685 3033 758 3094 dors
778 3035 813 3094 ad
830 3052 983 3114 purpuram
999 3050 1084 3092 aeos-

11 3119 12 3122 ’
95 3120 192 3180 deute.
223 3119 372 3198 utriusque
389 3126 482 3179 autem
495 3117 595 3177 similis
612 3125 658 3175 est
671 3133 757 3176 rosae
772 3117 915 3191 silvestri,
936 3117 990 3176 nisi
1008 3115 1085 3194 qnod

11 3253 12 3258 ,
62 3211 177 3272 μειοῖ
194 3201 296 3262 odore.
323 3202 442 3280 speeies
454 3200 553 3261 horum
569 3218 706 3278 generum
721 3209 790 3260 tres.
822 3199 1084 3262 estenimeandida

96 3296 144 3348 aut
162 3287 246 3363 nigra
270 3285 379 3346 hedera
396 3285 539 3362 tertiaque
555 3293 765 3364 quaevoeatur
778 3282 871 3344 helix:
905 3283 1062 3344 Etiamnum
1076 3289 1125 3347 146
1209 3347 1216 3359 ,

96 3370 150 3430 hae
171 3370 289 3448 speeies
311 3367 471 3429 diuiduntur
493 3368 523 3426 iu
539 3369 628 3441 alias,
654 3369 786 3446 qnoniam
807 3376 853 3426 est
874 3369 969 3447 aliqua
989 3367 1083 3428 iruatu

95 3462 202 3546 tantum
219 3450 359 3528 eandida,
378 3450 435 3514 alia
454 3460 485 3512 et
498 3450 588 3530 lolio,
608 3450 730 3512 mustum
745 3466 861 3530 quoque
876 3451 1024 3514 aaudidum
1039 3450 1082 3512 ie·
