2552 3866
182 211 240 272 130
518 219 546 266 c.
563 219 659 266 runvr
671 216 820 265 suenum

131 399 135 410 f
179 396 241 438 mus
257 385 349 436 autem
366 384 394 435 ct
409 375 529 436 aliorum
543 373 666 452 placita,
689 373 820 450 quoniam
835 387 892 430 non
906 370 988 430 unius
1004 378 1102 430 terrac
1123 372 1176 432 sed

179 462 266 521 totius
281 468 399 518 naturae
410 459 584 537 interpretes
601 473 711 531 sumus,
729 473 787 515 non
800 452 964 515 auctoribus
976 453 1080 532 positis
1093 487 1135 500 -
1147 456 1176 515 id

179 541 417 605 enimverbosum
430 540 581 602 est-sed
597 538 773 616 regionibus.
801 538 934 615 legentes
953 545 1060 598 tantum
1078 541 1175 599 memi-

178 629 271 687 nerint
282 625 431 686 brevitatis
442 626 543 703 gratia,
556 638 620 682 cum
627 622 722 683 Attica
735 623 877 682 nominate
888 621 984 696 luerit,
998 622 1081 681 simul
1092 623 1175 682 iutel-

136 723 186 776 215
194 712 294 788 legere
310 707 452 786 Cycladas
469 706 587 781 insutas,
604 723 667 765 cum
682 705 861 783 llaoedonia,
876 703 1069 782 Magnesiam,
1087 704 1199 766 Three

178 797 259 873 ciarn,
277 811 339 854 curn
356 794 519 870 Aegyptus,
531 789 708 868 Phoenicen,
722 788 859 867 cyprum,
873 785 1013 864 Ciliciam,
1028 807 1090 849 cunr
1101 788 1175 850 lloe-

178 881 253 955 otia,
269 876 435 952 bocridem,
450 873 605 934 Phocidem
629 880 659 932 et
682 873 815 933 finitimos
831 889 948 951 sempor
966 881 1092 949 tractus,
1114 885 1176 934 cunr

177 962 395 1038 Hellespontus,
413 957 625 1018 Chersonesum
646 965 677 1017 et
696 956 870 1022 coutinentia
891 973 984 1035 usque
1003 955 1081 1016 Atho
1097 974 1175 1016 mon·

178 1056 245 1121 tem,
265 1061 326 1103 oum
340 1041 435 1117 Ionia,
452 1041 550 1100 Asiam
566 1048 596 1100 et
612 1041 720 1101 insulas
738 1040 844 1117 Asiae,
868 1057 931 1099 cum
945 1040 1175 1119 Peloponnesus,

177 1129 314 1188 dchaiarn
329 1135 358 1185 et
374 1126 409 1185 ad
424 1141 576 1203 vesperam
591 1125 711 1186 iacentis
728 1133 831 1185 terras.
858 1122 1005 1184 'Chaldaei
1025 1123 1175 1199 Assyriam
1187 1151 1214 1192 ω

66 1247 68 1254 ,
136 1221 223 1275 bloet
243 1208 426 1285 Babyloniam
446 1208 689 1269 demonstrabunt.
720 1208 866 1285 Africam·
880 1207 1049 1286 Hispaniam
1067 1207 1194 1269 Gallias

117 1332 121 1346 ·
177 1294 256 1354 sileri
278 1309 335 1351 non
353 1294 406 1352 erit
420 1293 528 1370 mirum,
543 1310 627 1352 nemo
643 1292 716 1353 enirn
732 1290 899 1352 observavit
911 1292 940 1350 iu
955 1291 999 1351 his
1009 1291 1058 1370 qui
1069 1291 1176 1369 prode·

177 1386 222 1440 ret
241 1375 365 1437 siderum
381 1385 510 1437 exortus.
541 1385 707 1436 nontamen
723 1375 832 1435 difficili
844 1377 956 1436 ratione
968 1375 1178 1452 dignoscentur

133 1461 198 1547 ἦρξ’
209 1464 237 1521 in
254 1459 312 1521 illis
327 1477 442 1539 quoque
457 1460 544 1528 terris
561 1460 722 1536 digestione
740 1459 913 1520 circulorum
938 1475 1022 1537 quom
1043 1460 1071 1518 in
1091 1469 1176 1520 sento

132 1555 186 1610 217
194 1545 339 1606 volumine
361 1545 495 1620 lecimus,
526 1561 582 1622 qua
609 1544 743 1620 cognatio
773 1543 847 1603 caeli
867 1561 924 1603 non
943 1544 1069 1620 gentium
1089 1544 1210 1606 modost

178 1647 277 1690 verum
289 1628 399 1688 urbium
412 1636 530 1706 quoque·
538 1627 711 1704 singularum
722 1627 909 1705 intellegitur,
928 1645 999 1703 ergo
1012 1645 1050 1686 ex
1061 1627 1104 1687 his
1117 1637 1174 1688 ter·

178 1715 218 1774 ris
230 1730 301 1792 ques
313 1712 516 1772 nominavimus
528 1720 639 1790 sumpta
651 1712 833 1771 convexitate
846 1710 946 1772 circuli
958 1711 1127 1788 pertinentis
1140 1713 1175 1772 ad

180 1814 249 1875 quas
264 1797 385 1875 quisque
400 1803 521 1874 quaeret
536 1803 629 1854 terras
644 1793 729 1854 iidem
744 1805 827 1855 erunt
846 1796 972 1855 siderum
988 1804 1105 1854 exortus
1120 1813 1176 1874 per

178 1881 300 1940 omnium
316 1879 488 1939 circulorum
504 1878 581 1955 paris
598 1876 722 1940 umbras.
755 1878 934 1939 indicandum
952 1887 981 1938 et
995 1877 1080 1958 illud,
1103 1888 1173 1939 tem·
1271 1927 1272 1934 ,

177 1971 307 2042 pestates
322 1963 400 2040 ipsas
416 1961 547 2021 cardines
569 1979 639 2020 suos
659 1960 768 2022 habere
785 1961 929 2040 quadrinis
944 1963 1039 2038 aunis,
1061 1972 1091 2023 et
1111 1980 1210 2024 eas-ao

95 2053 99 2058 ’
180 2045 244 2104 dem
259 2062 315 2104 uon
332 2063 433 2122 magna
449 2045 610 2105 differentia
621 2047 729 2106 reverti
744 2047 853 2106 ratione
870 2047 958 2126 solis,
976 2048 1088 2106 octonis
1102 2065 1174 2108 vero
1248 2096 1251 2101 .
1271 2079 1272 2116 ᾗ

178 2130 278 2206 augeri
293 2129 420 2204 easdem,
438 2130 594 2188 centesima
607 2129 777 2189 revolvente
794 2148 826 2189 se
843 2130 917 2191 luna.
1271 2119 1272 2173 l

136 2220 188 2276 218
251 2210 333 2291 (58.)
357 2210 453 2272 Omnis
471 2221 566 2272 autern
582 2214 656 2272 ratio
671 2212 825 2272 observata
842 2223 887 2273 est
901 2215 991 2275 tribus
1005 2216 1108 2294 modis,
1124 2236 1173 2278 ex·

180 2305 243 2356 ortu
268 2297 392 2356 siderum
420 2312 585 2373 occasuque
612 2305 640 2355 et
667 2297 794 2374 ipsorum
817 2305 977 2376 temporum
999 2301 1172 2362 cardinibus.

180 2389 296 2440 exortus
312 2396 490 2457 occasusque
507 2378 581 2437 binis
601 2378 693 2437 modis
714 2379 927 2458 intelleguntur.
961 2391 1009 2442 aut
1030 2386 1209 2446 eminadas

178 2470 264 2522 ventu
282 2462 353 2521 solis
369 2461 548 2521 occultantur
564 2461 666 2522 stellae
683 2470 711 2521 et
727 2466 856 2542 conspici
871 2465 1019 2543 desinunt,
1037 2477 1085 2528 aut
1099 2471 1174 2529 eius-

180 2547 243 2606 dem
258 2543 396 2604 abscessu
413 2543 564 2623 prolerunt
575 2563 617 2604 se.
649 2562 790 2606 emersum
803 2548 861 2608 boc
878 2549 978 2609 melius
993 2569 1077 2629 quam
1088 2569 1174 2612 exor-

178 2639 235 2687 tum
254 2627 429 2688 consuetudo
446 2627 580 2706 dixisset,
597 2637 627 2688 et
642 2627 712 2688 illud
731 2631 950 2692 occultationem
971 2637 1067 2713 potius
1090 2653 1174 2715 quam

137 2721 187 2776 219
195 2728 337 2771 occasum.
363 2711 528 2788 ullomodo,
543 2711 658 2790 quodie
671 2714 807 2793 incipiunt
818 2715 960 2793 adparere
971 2719 1019 2779 vel
1029 2719 1172 2796 desinunt,

180 2795 290 2856 oriente
306 2795 369 2856 sole
382 2804 429 2856 aut
439 2794 606 2875 occidente,
620 2799 747 2857 matutini
760 2801 955 2876 vespertinive
968 2805 1172 2880 cognominati,
1183 2823 1210 2865 co

178 2889 264 2958 prout
285 2878 423 2939 alteruter
445 2897 543 2939 eorum
563 2897 645 2940 mane
671 2881 719 2940 vel
741 2883 911 2959 crepusculo
939 2888 1086 2963 contingit.
1120 2886 1171 2947 do·

180 2964 293 3023 drantes
308 2962 440 3023 horarum
459 2980 521 3023 curn
534 2964 684 3024 minumum
698 2965 847 3026 intervalla
869 2985 903 3027 ea
926 2969 1090 3030 desiderent
1106 2981 1172 3032 ante

180 3047 249 3106 solis
266 3055 356 3106 ortum
369 3045 418 3105 vel
436 3056 503 3125 post
519 3062 669 3124 occasum,
691 3055 721 3107 ut
736 3047 846 3128 adspiei
866 3053 986 3130 possint.
1016 3063 1171 3130 praeterea

77 3183 81 3192 ,
178 3129 223 3190 bis
239 3130 377 3208 quaedam
389 3131 555 3189 exoriuntur
569 3139 599 3190 et
614 3130 762 3211 occidunt,
789 3135 936 3213 omnisque
960 3153 1056 3197 sermo
1076 3137 1111 3199 do
1126 3138 1171 3198 bis

136 3213 177 3298 {ml
186 3221 231 3271 est
244 3214 336 3273 stellis
352 3229 422 3291 quas
438 3212 595 3274 adhaerere
612 3214 694 3275 caelo
710 3216 840 3277 diximus.
1180 3251 1208 3294 ³5
1254 3255 1257 3264 ·

137 3307 189 3358 tto
257 3296 339 3376 (59.)
369 3293 462 3358 Cardo
486 3306 646 3375 temporum
675 3299 878 3378 quadripertita
900 3306 964 3364 anni
987 3304 1168 3369 distinctione

182 3387 293 3439 constat
309 3397 362 3457 per
376 3382 549 3442 incrementa
565 3381 647 3442 lucis.
680 3393 800 3460 augetur
815 3385 888 3445 haec
905 3405 922 3447 a
937 3387 1051 3464 bruma,
1075 3398 1104 3448 et
1120 3407 1167 3449 ae-

181 3471 280 3542 quetur
297 3462 428 3524 noctibus
453 3481 541 3526 verno
569 3466 751 3545 aequinoctio
777 3466 879 3529 diebus
899 3483 944 3531 xc
965 3470 1044 3530 boris
1066 3472 1167 3534 tribus.
