2552 3866
279 149 361 264 nab.
380 163 472 264 man
488 215 586 263 xv111.
606 211 726 268 ue-te.
749 177 900 286 (ee-bt.)
1030 201 1090 266 137

95 372 212 450 vesperi
224 372 361 430 exoritur.
382 383 467 430 xvtt.
483 368 623 430 kalendas
631 368 718 431 lulias
724 370 842 448 gladius
853 369 968 431 Orionis
980 374 1076 432 exori·
1082 381 1134 436 tet

95 467 156 530 tur,
173 454 249 534 quod
261 455 289 513 in
300 452 439 532 Aegypto
455 463 522 532 post
538 454 726 534 quatriduum.
752 467 798 514 xl.
812 453 952 514 kalendas
964 454 1092 515 eiusdem

95 539 209 600 Orionis
225 537 338 614 gladius
351 533 468 597 Caesari
483 537 618 598 occidere
631 537 740 615 incipit.
769 551 842 597 vm.
856 537 995 598 kalendas
1005 535 1092 598 lulius

93 639 166 684 vero
184 621 368 698 longissimus
391 619 454 680 dies
475 621 563 680 totius
587 623 651 680 anni
672 631 703 680 et
723 637 783 680 nox
802 621 973 682 brevissima
997 621 1092 680 solsti-

68 729 81 768 s
94 709 164 768 tium
181 703 345 764 conficiunt.
377 704 418 782 [a]
445 703 477 764 ln
491 704 548 764 lroo
560 705 701 782 temporis
715 704 868 765 intervallo
883 705 986 765 vineae
1002 712 1135 782 pam-25⁷

94 793 244 869 pluuntur,
269 795 381 847 curatur
395 795 425 846 ut
440 789 524 848 vinea
536 797 621 847 retus
637 789 728 848 semel
742 788 822 848 fossa
839 789 889 864 sit,
907 788 952 848 bis
967 788 1093 848 novella.

95 892 168 934 oves
182 871 344 946 tondentur,
360 871 486 948 lupinum
498 872 676 931 stercorandi
693 889 780 933 cansa
791 873 921 946 vertitur,
937 867 1015 932 te'rra
1028 887 1094 949 pro·

95 957 243 1029 saladinus,
259 954 331 1014 vicia
345 956 374 1013 in
389 953 525 1032 pabulum
539 964 665 1031 secatur,
681 955 747 1016 faba
757 957 881 1031 metitur,
895 956 961 1016 dein
974 955 1094 1015 cuditur.

158 1035 209 1101 281
231 1038 314 1098 Prata
333 1040 409 1097 circa
424 1038 563 1098 kalendas
574 1037 634 1098 lun.
649 1039 821 1114 caeduntur,
838 1055 958 1118 qnorum
974 1038 1137 1103 taetttt-nce

3 1159 4 1204 ,
59 1149 86 1190 10
95 1142 141 1184 ma
156 1121 292 1200 agricolis
308 1138 377 1180 cura
391 1139 426 1181 ac
440 1122 554 1181 minumi
569 1121 685 1200 inpendi
703 1122 777 1182 baec
791 1122 827 1182 de
845 1123 1016 1201 sepostulat
1027 1123 1094 1183 dici.

3 1213 5 1298 d
95 1207 230 1283 Relinqui
247 1204 355 1265 debent
368 1206 397 1264 in
413 1204 491 1282 laeto
509 1203 574 1264 solo
595 1206 643 1265 vel
667 1206 768 1282 riguo,
791 1224 884 1286 eaque
903 1224 976 1286 aqua
997 1206 1095 1286 pluria

3 1313 5 1344 ι
96 1292 183 1368 rigari
194 1289 239 1348 via
251 1288 377 1367 publica.
403 1290 593 1364 utilissimum,
609 1289 633 1349 si
645 1290 738 1350 malae
751 1289 872 1366 herbae,
885 1307 977 1366 arare,
991 1290 1096 1350 deinde

3 1385 4 1394 ¹
98 1376 213 1448 cratire,
230 1390 329 1432 serere
344 1373 446 1433 florem
460 1391 498 1432 ex
509 1373 655 1449 fenilibus,
671 1382 758 1452 atque
770 1391 808 1434 ex
822 1372 1013 1453 praesepibus
1024 1375 1095 1434 feno

98 1458 237 1536 dilapsum
253 1475 395 1535 spargere
410 1457 576 1536 priusquam
594 1458 762 1533 eradantur,
785 1475 841 1518 nec
859 1459 952 1535 primo
969 1472 1043 1518 antro
1058 1459 1095 1518 ri-

2 1546 5 1618 i
63 1543 171 1619 asgeri,
186 1559 241 1600 nec
257 1542 339 1618 pasci
353 1549 419 1600 ante
436 1542 564 1601 secunda
586 1541 743 1615 feniseoia,
764 1559 800 1600 ne
825 1540 932 1601 herbae
953 1541 1097 1602 vellantur

3 1671 4 1678 ,
98 1625 262 1701 obtrituque
284 1623 466 1683 hebetentur.
505 1625 670 1683 Senescunt
684 1632 767 1700 prata
790 1625 959 1702 restituique
974 1625 1138 1688 delenisse

3 1713 4 1722 ’
98 1709 166 1771 faba
180 1709 209 1765 in
222 1705 257 1763 iis
275 1714 336 1764 sata
353 1706 402 1764 uel
417 1707 497 1782 rapis
512 1707 562 1766 vel
578 1707 667 1781 milio,
683 1721 751 1764 mox
765 1707 934 1784 insequente
949 1723 1021 1766 anno
1037 1708 1096 1767 fru-

99 1799 199 1853 mento
212 1806 370 1865 rursusque
385 1789 414 1845 iu
432 1797 513 1865 prata
528 1790 612 1848 tertio
628 1789 766 1867 relinqui,
787 1798 940 1866 praeterea
961 1792 1095 1870 quotiens

101 1883 183 1937 secta
202 1873 257 1932 sint
271 1871 381 1947 sioiliri,
397 1870 455 1930 hoc
469 1880 513 1931 est
524 1889 597 1951 quae
608 1872 756 1932 feniseces
767 1875 978 1952 praeterierunt
988 1875 1094 1934 secari.

66 1974 92 2016 ao
102 1968 147 2020 est
162 1958 236 2016 enim
251 1957 279 2014 in
296 1956 395 2033 primis
409 1955 508 2015 inutile
526 1955 623 2014 enasci
637 1954 743 2016 herbas
753 1966 969 2018 sementaturas.
998 1955 1095 2018 Herba

102 2051 217 2121 optuma
233 2041 261 2098 in
275 2047 359 2117 prato
373 2038 473 2113 trifoli,
490 2055 628 2116 proxuma
642 2040 787 2116 graminis,
803 2058 938 2118 pessuma
950 2042 1094 2118 nummuli,

103 2126 233 2204 siliquam
251 2132 280 2182 et
297 2122 386 2182 diram
400 2121 530 2182 ferentis.
561 2122 652 2181 invisa
666 2131 696 2180 et
711 2124 866 2199 equisaetis
883 2134 943 2199 est,
965 2126 1095 2185 asimili-

102 2209 198 2270 tudine
215 2207 337 2286 equinae
352 2215 461 2266 saetae.
493 2204 617 2265 Secundi
631 2215 761 2283 tempus,
782 2223 846 2265 eum
861 2209 941 2284 spica
957 2207 1138 2273 debore-too

6 2293 13 2302 '
50 2353 53 2359 Δ
103 2311 188 2354 scere
206 2291 305 2370 coepit
319 2299 406 2368 atque
420 2289 561 2349 roborari.
599 2289 751 2348 secandum
772 2297 922 2367 antequam
942 2291 1093 2349 inarescat.

69 2375 194 2436 necato:
212 2375 349 2449 fenum,
370 2375 475 2451 inquit,
496 2391 536 2432 ne
557 2389 640 2432 sero
662 2389 778 2433 seces.
811 2375 912 2451 prius
927 2390 1029 2452 quam
1044 2391 1094 2431 se·

104 2478 183 2520 men
198 2466 371 2519 maturum
387 2459 434 2516 sit
448 2465 584 2516 secato.
614 2456 726 2534 quidam
740 2457 832 2536 pridie
848 2457 951 2534 rigant,
968 2457 1015 2517 ubi
1032 2463 1096 2516 sunt

104 2546 195 2620 rigua.
225 2541 357 2602 noctibus
371 2539 494 2600 roscidis
512 2539 606 2600 secari
625 2540 736 2600 melius.
765 2541 903 2619 quaedam
924 2550 1021 2618 partes
1042 2539 1113 2600 lta··

105 2629 162 2687 liae
175 2635 243 2704 post
257 2642 379 2684 messem
402 2633 510 2683 secant.
546 2623 587 2702 [ὁ]
621 2622 686 2682 Fuit
702 2624 759 2685 boc
773 2642 887 2702 quoque
910 2625 1137 2687 malemein-261

106 2710 193 2789 pendi
209 2708 284 2787 apud
300 2709 430 2787 priores,
448 2704 570 2765 Creticis
589 2714 694 2766 tantum
712 2709 964 2786 transmarinisque
985 2707 1097 2768 cotibus

72 2795 183 2854 aonotis
199 2810 254 2852 neo
265 2793 318 2850 nisi
330 2791 396 2851 oleo
409 2791 499 2850 aciem
508 2787 592 2847 falcis
603 2788 803 2848 excitantibus.
828 2791 914 2865 igitur
926 2807 1014 2850 cornu
1029 2806 1096 2869 pro-

107 2886 174 2960 pter
188 2877 284 2936 oleum
299 2874 334 2934 ad
351 2892 415 2934 crus
430 2874 518 2950 ligato
539 2870 652 2930 fenisex
672 2869 832 2931 incedebat.
866 2870 946 2933 ltalia
966 2873 1097 2950 aquarias

110 2961 183 3021 cotis
194 2959 273 3020 dedit
284 2958 368 3017 limae
379 2959 443 3017 uice
456 2955 620 3034 imperantis
631 2952 720 3014 ferro.
735 2954 787 3013 sed
799 2957 913 3033 aquaria
923 2954 956 2996 **
968 2956 1097 3033 protinus

108 3046 211 3104 virent.
244 3040 372 3101 lialeium
384 3041 509 3117 ipsarum
523 3039 578 3099 duo
593 3055 716 3114 genera:
732 3036 859 3098 Italicum
873 3038 988 3098 brevius
1003 3054 1039 3096 ac
1048 3037 1097 3096 vel

108 3129 183 3188 inter
201 3126 299 3202 vepris
320 3141 437 3203 quoque
459 3121 624 3195 tractabile,
650 3119 801 3182 Galliarum
817 3120 962 3181 latifundia
981 3121 1097 3180 maioris

75 3223 100 3266 aa
110 3209 269 3288 conpendi,
287 3209 391 3286 quippe
407 3205 515 3265 medias
537 3205 658 3264 caedunt
672 3203 777 3264 herbas
791 3205 998 3281 brevioresque
1014 3220 1097 3282 prae·

6 3319 8 3360 t
110 3301 233 3354 tereunt.
263 3289 351 3350 ltalus
371 3291 484 3358 fenisex
501 3288 601 3347 dextra
620 3298 674 3347 una
687 3305 769 3348 manu
791 3296 879 3348 secat.
912 3286 1017 3348 lustum
1039 3296 1139 3351 estuat

110 3383 167 3438 uria
187 3392 278 3455 opera
297 3374 326 3431 in
347 3371 393 3432 die
414 3375 542 3449 iugerum
565 3370 711 3446 desecari,
738 3370 913 3448 alligarique
939 3371 1098 3450 manipulos

7 3449 9 3484 ²
112 3461 190 3521 mille
206 3460 356 3536 ducentes,
372 3466 509 3534 quaterna
523 3454 629 3532 ponde.
661 3463 769 3514 sectum
785 3455 858 3514 verti
875 3452 911 3514 ad
932 3453 1024 3514 solem
1044 3472 1098 3514 nec
