<?xml version="1.0" encoding="UTF-8"?>
<!DOCTYPE html PUBLIC "-//W3C//DTD XHTML 1.0 Transitional//EN"
    "http://www.w3.org/TR/xhtml1/DTD/xhtml1-transitional.dtd">
<html xmlns="http://www.w3.org/1999/xhtml" xml:lang="en" lang="en">
 <head>
  <title>
</title>
<meta http-equiv="Content-Type" content="text/html;charset=utf-8" />
  <meta name='ocr-system' content='tesseract 3.04.00' />
  <meta name='ocr-capabilities' content='ocr_page ocr_carea ocr_par ocr_line ocrx_word'/>
</head>
<body>
  <div class='ocr_page' id='page_1' title='image "./cplinisecundina23plingoog_0235.png"; bbox 0 0 2552 3866; ppageno 0'>
   <div class='ocr_carea' id='block_1_1' title="bbox 202 169 845 232">
    <p class='ocr_par' dir='ltr' id='par_1_1' title="bbox 202 169 845 232">
     <span class='ocr_line' id='line_1_1' title="bbox 202 169 845 232; baseline -0.012 0"><span class='ocrx_word' id='word_1_1' title='bbox 202 169 262 232; x_wconf 85' lang='lat'><strong>178</strong></span> <span class='ocrx_word' id='word_1_2' title='bbox 391 187 392 192; x_wconf 42' lang='lat'>¹</span> <span class='ocrx_word' id='word_1_3' title='bbox 527 174 556 224; x_wconf 88' lang='lat' dir='ltr'><strong>c.</strong></span> <span class='ocrx_word' id='word_1_4' title='bbox 579 175 675 229; x_wconf 78' lang='lat' dir='ltr'><strong>annu</strong></span> <span class='ocrx_word' id='word_1_5' title='bbox 697 175 845 224; x_wconf 83' lang='lat' dir='ltr'><strong>succum</strong></span> 
     </span>
    </p>
   </div>
   <div class='ocr_carea' id='block_1_2' title="bbox 158 327 1205 919">
    <p class='ocr_par' dir='ltr' id='par_1_2' title="bbox 159 327 1205 745">
     <span class='ocr_line' id='line_1_2' title="bbox 159 327 1180 413; baseline -0.012 -9"><span class='ocrx_word' id='word_1_6' title='bbox 159 349 209 404; x_wconf 77' lang='lat' dir='ltr'><strong>lea</strong></span> <span class='ocrx_word' id='word_1_7' title='bbox 282 336 364 413; x_wconf 83' lang='lat'>(40.)</span> <span class='ocrx_word' id='word_1_8' title='bbox 387 331 458 392; x_wconf 86' lang='lat' dir='ltr'><strong>Betu</strong></span> <span class='ocrx_word' id='word_1_9' title='bbox 479 331 690 393; x_wconf 82' lang='lat' dir='ltr'><strong>hortensiorum</strong></span> <span class='ocrx_word' id='word_1_10' title='bbox 710 327 856 391; x_wconf 79' lang='lat' dir='ltr'><strong>levissima</strong></span> <span class='ocrx_word' id='word_1_11' title='bbox 878 339 933 390; x_wconf 90' lang='lat' dir='ltr'><strong>est.</strong></span> <span class='ocrx_word' id='word_1_12' title='bbox 961 331 1023 392; x_wconf 91' lang='lat' dir='ltr'><strong>eius</strong></span> <span class='ocrx_word' id='word_1_13' title='bbox 1041 348 1180 412; x_wconf 86' lang='lat' dir='ltr'><strong>quoquea</strong></span> 
     </span>
     <span class='ocr_line' id='line_1_3' title="bbox 202 413 1181 493; baseline -0.005 -12"><span class='ocrx_word' id='word_1_14' title='bbox 202 421 301 482; x_wconf 88' lang='lat' dir='ltr'><strong>colore</strong></span> <span class='ocrx_word' id='word_1_15' title='bbox 320 418 375 478; x_wconf 95' lang='lat' dir='ltr'><strong>duc</strong></span> <span class='ocrx_word' id='word_1_16' title='bbox 392 433 501 493; x_wconf 84' lang='lat' dir='ltr'><strong>genera</strong></span> <span class='ocrx_word' id='word_1_17' title='bbox 516 414 618 476; x_wconf 86' lang='lat' dir='ltr'><strong>Graeci</strong></span> <span class='ocrx_word' id='word_1_18' title='bbox 633 414 750 490; x_wconf 91' lang='lat' dir='ltr'><strong>faciunt,</strong></span> <span class='ocrx_word' id='word_1_19' title='bbox 766 415 876 490; x_wconf 81' lang='lat' dir='ltr'><strong>nigrum</strong></span> <span class='ocrx_word' id='word_1_20' title='bbox 894 423 924 474; x_wconf 91' lang='lat' dir='ltr'><strong>et</strong></span> <span class='ocrx_word' id='word_1_21' title='bbox 938 413 1094 489; x_wconf 89' lang='lat' dir='ltr'><strong>candidius,</strong></span> <span class='ocrx_word' id='word_1_22' title='bbox 1111 413 1181 492; x_wconf 93' lang='lat' dir='ltr'><strong>quod</strong></span> 
     </span>
     <span class='ocr_line' id='line_1_4' title="bbox 200 497 1180 584; baseline -0.007 -19"><span class='ocrx_word' id='word_1_23' title='bbox 200 497 1109 584; x_wconf 77' lang='lat' dir='ltr'><strong>praeterunt-·-parotssiniseminis—appellantquesnnlun,</strong></span> <span class='ocrx_word' id='word_1_24' title='bbox 1123 515 1180 559; x_wconf 89' lang='lat' dir='ltr'><strong>can·</strong></span> 
     </span>
     <span class='ocr_line' id='line_1_5' title="bbox 201 581 1182 660; baseline -0.007 -11"><span class='ocrx_word' id='word_1_25' title='bbox 201 589 279 649; x_wconf 93' lang='lat' dir='ltr'><strong>doris</strong></span> <span class='ocrx_word' id='word_1_26' title='bbox 312 602 383 646; x_wconf 88' lang='lat' dir='ltr'><strong>saue</strong></span> <span class='ocrx_word' id='word_1_27' title='bbox 406 584 580 644; x_wconf 88' lang='lat' dir='ltr'><strong>discrimine</strong></span> <span class='ocrx_word' id='word_1_28' title='bbox 606 581 807 660; x_wconf 80' lang='lat' dir='ltr'><strong>praeferentes</strong></span> <span class='ocrx_word' id='word_1_29' title='bbox 824 608 826 612; x_wconf 95' lang='lat'>·</span> <span class='ocrx_word' id='word_1_30' title='bbox 842 590 872 648; x_wconf 87' lang='lat' dir='ltr'><strong>et</strong></span> <span class='ocrx_word' id='word_1_31' title='bbox 900 581 1051 642; x_wconf 85' lang='lat' dir='ltr'><strong>lactucam.</strong></span> <span class='ocrx_word' id='word_1_32' title='bbox 1099 582 1182 644; x_wconf 88' lang='lat' dir='ltr'><strong>nostri</strong></span> 
     </span>
     <span class='ocr_line' id='line_1_6' title="bbox 199 665 1205 745; baseline -0.008 -13"><span class='ocrx_word' id='word_1_33' title='bbox 199 671 285 732; x_wconf 88' lang='lat' dir='ltr'><strong>betae</strong></span> <span class='ocrx_word' id='word_1_34' title='bbox 309 685 418 745; x_wconf 79' lang='lat' dir='ltr'><strong>genera</strong></span> <span class='ocrx_word' id='word_1_35' title='bbox 442 685 561 728; x_wconf 85' lang='lat' dir='ltr'><strong>vernum</strong></span> <span class='ocrx_word' id='word_1_36' title='bbox 587 673 616 725; x_wconf 83' lang='lat' dir='ltr'><strong>ct</strong></span> <span class='ocrx_word' id='word_1_37' title='bbox 640 666 800 726; x_wconf 85' lang='lat' dir='ltr'><strong>autumnale</strong></span> <span class='ocrx_word' id='word_1_38' title='bbox 819 665 943 740; x_wconf 85' lang='lat' dir='ltr'><strong>faciunt,</strong></span> <span class='ocrx_word' id='word_1_39' title='bbox 974 665 1205 744; x_wconf 86' lang='lat' dir='ltr'><strong>atemporihuss</strong></span> 
     </span>
    </p>

    <p class='ocr_par' dir='ltr' id='par_1_3' title="bbox 158 747 1184 919">
     <span class='ocr_line' id='line_1_7' title="bbox 158 747 1183 832; baseline -0.006 -18"><span class='ocrx_word' id='word_1_40' title='bbox 158 763 314 828; x_wconf 72' lang='lat' dir='ltr'><strong>lassatus,</strong></span> <span class='ocrx_word' id='word_1_41' title='bbox 335 767 503 832; x_wconf 86' lang='lat' dir='ltr'><strong>quamquam</strong></span> <span class='ocrx_word' id='word_1_42' title='bbox 525 758 554 809; x_wconf 89' lang='lat' dir='ltr'><strong>et</strong></span> <span class='ocrx_word' id='word_1_43' title='bbox 573 747 654 807; x_wconf 91' lang='lat' dir='ltr'><strong>lunio</strong></span> <span class='ocrx_word' id='word_1_44' title='bbox 674 749 789 810; x_wconf 89' lang='lat' dir='ltr'><strong>seritur.</strong></span> <span class='ocrx_word' id='word_1_45' title='bbox 816 749 1024 810; x_wconf 86' lang='lat' dir='ltr'><strong>transferuntur</strong></span> <span class='ocrx_word' id='word_1_46' title='bbox 1049 757 1141 810; x_wconf 89' lang='lat' dir='ltr'><strong>autem</strong></span> <span class='ocrx_word' id='word_1_47' title='bbox 1157 750 1183 808; x_wconf 92' lang='lat' dir='ltr'><strong>in</strong></span> 
     </span>
     <span class='ocr_line' id='line_1_8' title="bbox 199 830 1184 919; baseline -0.007 -20"><span class='ocrx_word' id='word_1_48' title='bbox 199 840 296 919; x_wconf 89' lang='lat' dir='ltr'><strong>planta</strong></span> <span class='ocrx_word' id='word_1_49' title='bbox 317 835 372 895; x_wconf 89' lang='lat' dir='ltr'><strong>hae</strong></span> <span class='ocrx_word' id='word_1_50' title='bbox 396 851 526 913; x_wconf 93' lang='lat' dir='ltr'><strong>quoque,</strong></span> <span class='ocrx_word' id='word_1_51' title='bbox 549 840 579 891; x_wconf 90' lang='lat' dir='ltr'><strong>et</strong></span> <span class='ocrx_word' id='word_1_52' title='bbox 602 830 691 892; x_wconf 93' lang='lat' dir='ltr'><strong>ohliui</strong></span> <span class='ocrx_word' id='word_1_53' title='bbox 714 831 780 892; x_wconf 87' lang='lat' dir='ltr'><strong>iimo</strong></span> <span class='ocrx_word' id='word_1_54' title='bbox 802 832 916 892; x_wconf 79' lang='lat' dir='ltr'><strong>radices</strong></span> <span class='ocrx_word' id='word_1_55' title='bbox 945 850 1011 894; x_wconf 88' lang='lat' dir='ltr'><strong>suas</strong></span> <span class='ocrx_word' id='word_1_56' title='bbox 1037 833 1184 910; x_wconf 86' lang='lat' dir='ltr'><strong>locumque</strong></span> 
     </span>
    </p>
   </div>
   <div class='ocr_carea' id='block_1_3' title="bbox 107 915 1220 1494">
    <p class='ocr_par' dir='ltr' id='par_1_4' title="bbox 107 915 1220 1494">
     <span class='ocr_line' id='line_1_9' title="bbox 200 915 1184 992; baseline -0.006 -10"><span class='ocrx_word' id='word_1_57' title='bbox 200 922 328 983; x_wconf 90' lang='lat' dir='ltr'><strong>similiter</strong></span> <span class='ocrx_word' id='word_1_58' title='bbox 349 918 489 978; x_wconf 88' lang='lat' dir='ltr'><strong>madidum</strong></span> <span class='ocrx_word' id='word_1_59' title='bbox 511 923 613 976; x_wconf 85' lang='lat' dir='ltr'><strong>amant.</strong></span> <span class='ocrx_word' id='word_1_60' title='bbox 642 933 710 976; x_wconf 91' lang='lat' dir='ltr'><strong>usus</strong></span> <span class='ocrx_word' id='word_1_61' title='bbox 732 915 777 976; x_wconf 94' lang='lat' dir='ltr'><strong>his</strong></span> <span class='ocrx_word' id='word_1_62' title='bbox 799 925 829 975; x_wconf 91' lang='lat' dir='ltr'><strong>et</strong></span> <span class='ocrx_word' id='word_1_63' title='bbox 844 933 908 976; x_wconf 91' lang='lat' dir='ltr'><strong>eum</strong></span> <span class='ocrx_word' id='word_1_64' title='bbox 921 915 1045 977; x_wconf 89' lang='lat' dir='ltr'><strong>lentibus</strong></span> <span class='ocrx_word' id='word_1_65' title='bbox 1061 935 1096 980; x_wconf 91' lang='lat' dir='ltr'><strong>ac</strong></span> <span class='ocrx_word' id='word_1_66' title='bbox 1112 916 1184 992; x_wconf 87' lang='lat' dir='ltr'><strong>faba,</strong></span> 
     </span>
     <span class='ocr_line' id='line_1_10' title="bbox 198 999 1185 1082; baseline -0.008 -16"><span class='ocrx_word' id='word_1_67' title='bbox 198 1007 331 1082; x_wconf 84' lang='lat' dir='ltr'><strong>idemque</strong></span> <span class='ocrx_word' id='word_1_68' title='bbox 350 1001 398 1080; x_wconf 90' lang='lat' dir='ltr'><strong>qui</strong></span> <span class='ocrx_word' id='word_1_69' title='bbox 419 999 523 1074; x_wconf 91' lang='lat' dir='ltr'><strong>oleris,</strong></span> <span class='ocrx_word' id='word_1_70' title='bbox 550 1008 579 1060; x_wconf 89' lang='lat' dir='ltr'><strong>et</strong></span> <span class='ocrx_word' id='word_1_71' title='bbox 598 1001 772 1078; x_wconf 84' lang='lat' dir='ltr'><strong>praecipuus</strong></span> <span class='ocrx_word' id='word_1_72' title='bbox 794 1008 825 1060; x_wconf 96' lang='lat' dir='ltr'><strong>ut</strong></span> <span class='ocrx_word' id='word_1_73' title='bbox 841 999 945 1063; x_wconf 89' lang='lat' dir='ltr'><strong>leuitas</strong></span> <span class='ocrx_word' id='word_1_74' title='bbox 961 1001 1104 1060; x_wconf 72' lang='lat' dir='ltr'><strong>excitetur</strong></span> <span class='ocrx_word' id='word_1_75' title='bbox 1117 1001 1185 1060; x_wconf 89' lang='lat' dir='ltr'><strong>aori-</strong></span> 
     </span>
     <span class='ocr_line' id='line_1_11' title="bbox 200 1082 1220 1162; baseline -0.008 -14"><span class='ocrx_word' id='word_1_76' title='bbox 200 1089 292 1148; x_wconf 89' lang='lat' dir='ltr'><strong>monia</strong></span> <span class='ocrx_word' id='word_1_77' title='bbox 312 1083 430 1159; x_wconf 86' lang='lat' dir='ltr'><strong>sinapis.</strong></span> <span class='ocrx_word' id='word_1_78' title='bbox 458 1082 565 1143; x_wconf 89' lang='lat' dir='ltr'><strong>medici</strong></span> <span class='ocrx_word' id='word_1_79' title='bbox 584 1085 784 1146; x_wconf 86' lang='lat' dir='ltr'><strong>nocentiorem</strong></span> <span class='ocrx_word' id='word_1_80' title='bbox 806 1098 890 1162; x_wconf 88' lang='lat' dir='ltr'><strong>quam</strong></span> <span class='ocrx_word' id='word_1_81' title='bbox 912 1083 976 1144; x_wconf 89' lang='lat' dir='ltr'><strong>clus</strong></span> <span class='ocrx_word' id='word_1_82' title='bbox 998 1084 1220 1150; x_wconf 76' lang='lat' dir='ltr'><strong>esseiudioero</strong></span> 
     </span>
     <span class='ocr_line' id='line_1_12' title="bbox 154 1164 1186 1246; baseline -0.004 -16"><span class='ocrx_word' id='word_1_83' title='bbox 154 1223 157 1234; x_wconf 52' lang='lat'><strong>,</strong></span> <span class='ocrx_word' id='word_1_84' title='bbox 198 1188 280 1242; x_wconf 88' lang='lat' dir='ltr'><strong>vere,</strong></span> <span class='ocrx_word' id='word_1_85' title='bbox 302 1164 488 1244; x_wconf 89' lang='lat' dir='ltr'><strong>quamohrem</strong></span> <span class='ocrx_word' id='word_1_86' title='bbox 502 1167 649 1246; x_wconf 87' lang='lat' dir='ltr'><strong>adpositas</strong></span> <span class='ocrx_word' id='word_1_87' title='bbox 662 1185 718 1227; x_wconf 91' lang='lat' dir='ltr'><strong>uon</strong></span> <span class='ocrx_word' id='word_1_88' title='bbox 732 1169 854 1228; x_wconf 89' lang='lat' dir='ltr'><strong>memini.</strong></span> <span class='ocrx_word' id='word_1_89' title='bbox 876 1167 1031 1246; x_wconf 84' lang='lat' dir='ltr'><strong>degustare</strong></span> <span class='ocrx_word' id='word_1_90' title='bbox 1046 1168 1130 1228; x_wconf 86' lang='lat' dir='ltr'><strong>etiam</strong></span> <span class='ocrx_word' id='word_1_91' title='bbox 1143 1185 1186 1226; x_wconf 93' lang='lat' dir='ltr'><strong>re·</strong></span> 
     </span>
     <span class='ocr_line' id='line_1_13' title="bbox 107 1243 1187 1328; baseline -0.002 -16"><span class='ocrx_word' id='word_1_92' title='bbox 107 1290 111 1301; x_wconf 87' lang='lat'><em>·</em></span> <span class='ocrx_word' id='word_1_93' title='bbox 159 1263 208 1322; x_wconf 69' lang='lat'><strong>134</strong></span> <span class='ocrx_word' id='word_1_94' title='bbox 219 1243 298 1328; x_wconf 80' lang='lat' dir='ltr'><strong>ligio’</strong></span> <span class='ocrx_word' id='word_1_95' title='bbox 311 1258 371 1325; x_wconf 91' lang='lat' dir='ltr'><strong>est,</strong></span> <span class='ocrx_word' id='word_1_96' title='bbox 395 1257 426 1308; x_wconf 93' lang='lat' dir='ltr'><strong>ut</strong></span> <span class='ocrx_word' id='word_1_97' title='bbox 445 1250 548 1310; x_wconf 83' lang='lat' dir='ltr'><strong>ualidis</strong></span> <span class='ocrx_word' id='word_1_98' title='bbox 569 1252 664 1328; x_wconf 90' lang='lat' dir='ltr'><strong>potius</strong></span> <span class='ocrx_word' id='word_1_99' title='bbox 678 1251 707 1309; x_wconf 94' lang='lat' dir='ltr'><strong>in</strong></span> <span class='ocrx_word' id='word_1_100' title='bbox 724 1250 790 1310; x_wconf 93' lang='lat' dir='ltr'><strong>cibo</strong></span> <span class='ocrx_word' id='word_1_101' title='bbox 805 1251 870 1310; x_wconf 90' lang='lat' dir='ltr'><strong>sint.</strong></span> <span class='ocrx_word' id='word_1_102' title='bbox 899 1253 1014 1328; x_wconf 80' lang='lat' dir='ltr'><strong>gemina</strong></span> <span class='ocrx_word' id='word_1_103' title='bbox 1029 1251 1064 1311; x_wconf 92' lang='lat' dir='ltr'><strong>iis</strong></span> <span class='ocrx_word' id='word_1_104' title='bbox 1079 1259 1187 1327; x_wconf 89' lang='lat' dir='ltr'><strong>natura,</strong></span> 
     </span>
     <span class='ocr_line' id='line_1_14' title="bbox 200 1329 1189 1410; baseline 0 -16"><span class='ocrx_word' id='word_1_105' title='bbox 200 1344 228 1394; x_wconf 94' lang='lat' dir='ltr'><strong>et</strong></span> <span class='ocrx_word' id='word_1_106' title='bbox 246 1329 344 1394; x_wconf 75' lang='lat' dir='ltr'><strong>&#39;oleris</strong></span> <span class='ocrx_word' id='word_1_107' title='bbox 373 1341 403 1392; x_wconf 89' lang='lat' dir='ltr'><strong>et</strong></span> <span class='ocrx_word' id='word_1_108' title='bbox 429 1333 523 1410; x_wconf 90' lang='lat' dir='ltr'><strong>capite</strong></span> <span class='ocrx_word' id='word_1_109' title='bbox 545 1333 609 1409; x_wconf 92' lang='lat' dir='ltr'><strong>ipso</strong></span> <span class='ocrx_word' id='word_1_110' title='bbox 630 1333 790 1392; x_wconf 81' lang='lat' dir='ltr'><strong>exsilientia</strong></span> <span class='ocrx_word' id='word_1_111' title='bbox 812 1331 909 1407; x_wconf 87' lang='lat' dir='ltr'><strong>bulbi,</strong></span> <span class='ocrx_word' id='word_1_112' title='bbox 942 1335 1060 1410; x_wconf 89' lang='lat' dir='ltr'><strong>species</strong></span> <span class='ocrx_word' id='word_1_113' title='bbox 1083 1351 1189 1394; x_wconf 91' lang='lat' dir='ltr'><strong>summa</strong></span> 
     </span>
     <span class='ocr_line' id='line_1_15' title="bbox 198 1414 1191 1494; baseline 0 -17"><span class='ocrx_word' id='word_1_114' title='bbox 198 1421 226 1477; x_wconf 92' lang='lat' dir='ltr'><strong>in</strong></span> <span class='ocrx_word' id='word_1_115' title='bbox 252 1415 408 1478; x_wconf 89' lang='lat' dir='ltr'><strong>latitudine.</strong></span> <span class='ocrx_word' id='word_1_116' title='bbox 444 1431 480 1476; x_wconf 88' lang='lat' dir='ltr'><strong>ea</strong></span> <span class='ocrx_word' id='word_1_117' title='bbox 508 1416 662 1492; x_wconf 82' lang='lat' dir='ltr'><strong>contingit,</strong></span> <span class='ocrx_word' id='word_1_118' title='bbox 688 1423 720 1474; x_wconf 94' lang='lat' dir='ltr'><strong>ut</strong></span> <span class='ocrx_word' id='word_1_119' title='bbox 744 1414 925 1490; x_wconf 88' lang='lat' dir='ltr'><strong>iulaetuois,</strong></span> <span class='ocrx_word' id='word_1_120' title='bbox 954 1432 1016 1474; x_wconf 91' lang='lat' dir='ltr'><strong>cum</strong></span> <span class='ocrx_word' id='word_1_121' title='bbox 1039 1419 1191 1494; x_wconf 81' lang='lat' dir='ltr'><strong>coeperint</strong></span> 
     </span>
    </p>
   </div>
   <div class='ocr_carea' id='block_1_4' title="bbox 26 1496 1227 1580">
    <p class='ocr_par' dir='ltr' id='par_1_5' title="bbox 26 1496 1227 1580">
     <span class='ocr_line' id='line_1_16' title="bbox 26 1496 1227 1580; baseline -0.005 -17"><span class='ocrx_word' id='word_1_122' title='bbox 26 1501 28 1509; x_wconf 80' lang='grc'>’</span> <span class='ocrx_word' id='word_1_123' title='bbox 127 1557 128 1562; x_wconf 73' lang='grc'>,</span> <span class='ocrx_word' id='word_1_124' title='bbox 201 1501 330 1562; x_wconf 89' lang='lat' dir='ltr'><strong>colorem</strong></span> <span class='ocrx_word' id='word_1_125' title='bbox 356 1499 471 1559; x_wconf 85' lang='lat' dir='ltr'><strong>trahere</strong></span> <span class='ocrx_word' id='word_1_126' title='bbox 490 1498 616 1576; x_wconf 91' lang='lat' dir='ltr'><strong>inposito</strong></span> <span class='ocrx_word' id='word_1_127' title='bbox 637 1496 697 1558; x_wconf 89' lang='lat' dir='ltr'><strong>levi</strong></span> <span class='ocrx_word' id='word_1_128' title='bbox 715 1497 855 1574; x_wconf 89' lang='lat' dir='ltr'><strong>pendere.</strong></span> <span class='ocrx_word' id='word_1_129' title='bbox 882 1515 978 1576; x_wconf 88' lang='lat' dir='ltr'><strong>neque</strong></span> <span class='ocrx_word' id='word_1_130' title='bbox 1003 1498 1051 1558; x_wconf 92' lang='lat' dir='ltr'><strong>alii</strong></span> <span class='ocrx_word' id='word_1_131' title='bbox 1073 1499 1227 1580; x_wconf 75' lang='lat' dir='ltr'><strong>herten-n</strong></span> 
     </span>
    </p>
   </div>
   <div class='ocr_carea' id='block_1_5' title="bbox 73 1580 1263 3494">
    <p class='ocr_par' dir='ltr' id='par_1_6' title="bbox 73 1580 1263 3494">
     <span class='ocr_line' id='line_1_17' title="bbox 200 1580 1192 1660; baseline -0.004 -14"><span class='ocrx_word' id='word_1_132' title='bbox 200 1587 305 1646; x_wconf 92' lang='lat' dir='ltr'><strong>siorum</strong></span> <span class='ocrx_word' id='word_1_133' title='bbox 335 1583 454 1642; x_wconf 88' lang='lat' dir='ltr'><strong>latitudo</strong></span> <span class='ocrx_word' id='word_1_134' title='bbox 481 1583 580 1642; x_wconf 88' lang='lat' dir='ltr'><strong>maior.</strong></span> <span class='ocrx_word' id='word_1_135' title='bbox 615 1581 645 1641; x_wconf 91' lang='lat' dir='ltr'><strong>in</strong></span> <span class='ocrx_word' id='word_1_136' title='bbox 669 1580 752 1642; x_wconf 87' lang='lat' dir='ltr'><strong>binos</strong></span> <span class='ocrx_word' id='word_1_137' title='bbox 772 1581 864 1659; x_wconf 86' lang='lat' dir='ltr'><strong>pedes</strong></span> <span class='ocrx_word' id='word_1_138' title='bbox 883 1582 1036 1660; x_wconf 87' lang='lat' dir='ltr'><strong>aliquando</strong></span> <span class='ocrx_word' id='word_1_139' title='bbox 1062 1599 1095 1647; x_wconf 84' lang='lat' dir='ltr'><strong>se</strong></span> <span class='ocrx_word' id='word_1_140' title='bbox 1121 1599 1192 1660; x_wconf 86' lang='lat' dir='ltr'><strong>pen-</strong></span> 
     </span>
     <span class='ocr_line' id='line_1_18' title="bbox 200 1663 1191 1745; baseline -0.005 -15"><span class='ocrx_word' id='word_1_141' title='bbox 200 1669 268 1732; x_wconf 93' lang='lat' dir='ltr'><strong>dunt</strong></span> <span class='ocrx_word' id='word_1_142' title='bbox 288 1667 404 1728; x_wconf 90' lang='lat' dir='ltr'><strong>multum</strong></span> <span class='ocrx_word' id='word_1_143' title='bbox 424 1675 453 1725; x_wconf 90' lang='lat' dir='ltr'><strong>et</strong></span> <span class='ocrx_word' id='word_1_144' title='bbox 472 1665 530 1727; x_wconf 89' lang='lat' dir='ltr'><strong>soli</strong></span> <span class='ocrx_word' id='word_1_145' title='bbox 549 1675 649 1726; x_wconf 89' lang='lat' dir='ltr'><strong>natura</strong></span> <span class='ocrx_word' id='word_1_146' title='bbox 670 1664 849 1726; x_wconf 90' lang='lat' dir='ltr'><strong>conferente.</strong></span> <span class='ocrx_word' id='word_1_147' title='bbox 876 1665 932 1728; x_wconf 89' lang='lat' dir='ltr'><strong>hae</strong></span> <span class='ocrx_word' id='word_1_148' title='bbox 953 1663 1069 1745; x_wconf 91' lang='lat' dir='ltr'><strong>quidem</strong></span> <span class='ocrx_word' id='word_1_149' title='bbox 1084 1666 1113 1725; x_wconf 91' lang='lat' dir='ltr'><strong>in</strong></span> <span class='ocrx_word' id='word_1_150' title='bbox 1129 1663 1191 1725; x_wconf 85' lang='lat' dir='ltr'><strong>Gir·</strong></span> 
     </span>
     <span class='ocr_line' id='line_1_19' title="bbox 159 1748 1192 1828; baseline -0.005 -12"><span class='ocrx_word' id='word_1_151' title='bbox 159 1764 209 1820; x_wconf 77' lang='lat'><strong>135</strong></span> <span class='ocrx_word' id='word_1_152' title='bbox 221 1751 329 1814; x_wconf 90' lang='lat' dir='ltr'><strong>ceiensi</strong></span> <span class='ocrx_word' id='word_1_153' title='bbox 344 1767 414 1828; x_wconf 79' lang='lat' dir='ltr'><strong>agro</strong></span> <span class='ocrx_word' id='word_1_154' title='bbox 430 1749 622 1828; x_wconf 87' lang='lat' dir='ltr'><strong>amplissimae</strong></span> <span class='ocrx_word' id='word_1_155' title='bbox 640 1749 819 1828; x_wconf 83' lang='lat' dir='ltr'><strong>proveniunt.</strong></span> <span class='ocrx_word' id='word_1_156' title='bbox 848 1748 919 1810; x_wconf 85' lang='lat' dir='ltr'><strong>Sunt</strong></span> <span class='ocrx_word' id='word_1_157' title='bbox 934 1751 982 1828; x_wconf 92' lang='lat' dir='ltr'><strong>qui</strong></span> <span class='ocrx_word' id='word_1_158' title='bbox 993 1748 1076 1810; x_wconf 90' lang='lat' dir='ltr'><strong>hetas</strong></span> <span class='ocrx_word' id='word_1_159' title='bbox 1087 1749 1192 1828; x_wconf 88' lang='lat' dir='ltr'><strong>punica</strong></span> 
     </span>
     <span class='ocr_line' id='line_1_20' title="bbox 201 1832 1263 1913; baseline -0.002 -17"><span class='ocrx_word' id='word_1_160' title='bbox 201 1837 275 1897; x_wconf 88' lang='lat' dir='ltr'><strong>malo</strong></span> <span class='ocrx_word' id='word_1_161' title='bbox 291 1835 413 1894; x_wconf 82' lang='lat' dir='ltr'><strong>florente</strong></span> <span class='ocrx_word' id='word_1_162' title='bbox 429 1842 544 1913; x_wconf 91' lang='lat' dir='ltr'><strong>optume</strong></span> <span class='ocrx_word' id='word_1_163' title='bbox 561 1834 622 1894; x_wconf 85' lang='lat' dir='ltr'><strong>seri</strong></span> <span class='ocrx_word' id='word_1_164' title='bbox 633 1832 813 1907; x_wconf 84' lang='lat' dir='ltr'><strong>existiment,</strong></span> <span class='ocrx_word' id='word_1_165' title='bbox 832 1833 981 1894; x_wconf 84' lang='lat' dir='ltr'><strong>transferri</strong></span> <span class='ocrx_word' id='word_1_166' title='bbox 996 1843 1106 1908; x_wconf 90' lang='lat' dir='ltr'><strong>autem,</strong></span> <span class='ocrx_word' id='word_1_167' title='bbox 1128 1851 1191 1902; x_wconf 85' lang='lat' dir='ltr'><strong>cum</strong></span> <span class='ocrx_word' id='word_1_168' title='bbox 1262 1839 1263 1900; x_wconf 60' lang='grc' dir='ltr'>ξ</span> 
     </span>
     <span class='ocr_line' id='line_1_21' title="bbox 203 1915 1230 1997; baseline -0.005 -18"><span class='ocrx_word' id='word_1_169' title='bbox 203 1922 326 1997; x_wconf 91' lang='lat' dir='ltr'><strong>quinque</strong></span> <span class='ocrx_word' id='word_1_170' title='bbox 346 1916 480 1977; x_wconf 88' lang='lat' dir='ltr'><strong>foliorum</strong></span> <span class='ocrx_word' id='word_1_171' title='bbox 502 1934 570 1976; x_wconf 89' lang='lat' dir='ltr'><strong>esse</strong></span> <span class='ocrx_word' id='word_1_172' title='bbox 592 1916 752 1995; x_wconf 89' lang='lat' dir='ltr'><strong>coeperint.</strong></span> <span class='ocrx_word' id='word_1_173' title='bbox 786 1915 856 1975; x_wconf 87' lang='lat' dir='ltr'><strong>mira</strong></span> <span class='ocrx_word' id='word_1_174' title='bbox 878 1916 1056 1994; x_wconf 86' lang='lat' dir='ltr'><strong>differentia,</strong></span> <span class='ocrx_word' id='word_1_175' title='bbox 1081 1918 1230 1978; x_wconf 83' lang='lat' dir='ltr'><strong>siveram</strong></span> 
     </span>
     <span class='ocr_line' id='line_1_22' title="bbox 203 1997 1193 2077; baseline -0.001 -16"><span class='ocrx_word' id='word_1_176' title='bbox 203 2010 263 2075; x_wconf 92' lang='lat' dir='ltr'><strong>est,</strong></span> <span class='ocrx_word' id='word_1_177' title='bbox 292 1999 418 2060; x_wconf 87' lang='lat' dir='ltr'><strong>candidis</strong></span> <span class='ocrx_word' id='word_1_178' title='bbox 439 2000 534 2061; x_wconf 85' lang='lat' dir='ltr'><strong>alvom</strong></span> <span class='ocrx_word' id='word_1_179' title='bbox 555 2000 638 2076; x_wconf 91' lang='lat' dir='ltr'><strong>elici,</strong></span> <span class='ocrx_word' id='word_1_180' title='bbox 665 2000 754 2077; x_wconf 80' lang='lat' dir='ltr'><strong>nigris</strong></span> <span class='ocrx_word' id='word_1_181' title='bbox 774 1997 913 2075; x_wconf 80' lang='lat' dir='ltr'><strong>inhiberi,</strong></span> <span class='ocrx_word' id='word_1_182' title='bbox 938 2008 1045 2060; x_wconf 89' lang='lat' dir='ltr'><strong>etcum</strong></span> <span class='ocrx_word' id='word_1_183' title='bbox 1061 1999 1193 2062; x_wconf 86' lang='lat' dir='ltr'><strong>brassica</strong></span> 
     </span>
     <span class='ocr_line' id='line_1_23' title="bbox 203 2081 1194 2163; baseline 0 -19"><span class='ocrx_word' id='word_1_184' title='bbox 203 2092 398 2163; x_wconf 90' lang='lat' dir='ltr'><strong>corrumpatur</strong></span> <span class='ocrx_word' id='word_1_185' title='bbox 412 2084 440 2142; x_wconf 90' lang='lat' dir='ltr'><strong>in</strong></span> <span class='ocrx_word' id='word_1_186' title='bbox 455 2083 533 2146; x_wconf 94' lang='lat' dir='ltr'><strong>dolio</strong></span> <span class='ocrx_word' id='word_1_187' title='bbox 549 2085 607 2144; x_wconf 89' lang='lat' dir='ltr'><strong>vini</strong></span> <span class='ocrx_word' id='word_1_188' title='bbox 618 2099 716 2163; x_wconf 85' lang='lat' dir='ltr'><strong>sapor,</strong></span> <span class='ocrx_word' id='word_1_189' title='bbox 734 2082 853 2145; x_wconf 89' lang='lat' dir='ltr'><strong>odorem</strong></span> <span class='ocrx_word' id='word_1_190' title='bbox 863 2081 948 2146; x_wconf 88' lang='lat' dir='ltr'><strong>hetae</strong></span> <span class='ocrx_word' id='word_1_191' title='bbox 960 2083 1040 2144; x_wconf 90' lang='lat' dir='ltr'><strong>foliis</strong></span> <span class='ocrx_word' id='word_1_192' title='bbox 1051 2083 1194 2144; x_wconf 84' lang='lat' dir='ltr'><strong>demersis</strong></span> 
     </span>
     <span class='ocr_line' id='line_1_24' title="bbox 202 2168 684 2228; baseline -0.002 -1"><span class='ocrx_word' id='word_1_193' title='bbox 202 2168 323 2228; x_wconf 68' lang='lat' dir='ltr'><strong>l&#39;essllllll.</strong></span> <span class='ocrx_word' id='word_1_194' title='bbox 559 2211 562 2214; x_wconf 96' lang='lat'>-</span> <span class='ocrx_word' id='word_1_195' title='bbox 615 2195 619 2212; x_wconf 82' lang='lat'>¹</span> <span class='ocrx_word' id='word_1_196' title='bbox 677 2201 684 2220; x_wconf 67' lang='lat' dir='ltr'><strong>a</strong></span> 
     </span>
     <span class='ocr_line' id='line_1_25' title="bbox 159 2247 1195 2334; baseline -0.005 -19"><span class='ocrx_word' id='word_1_197' title='bbox 159 2251 214 2318; x_wconf 70' lang='lat'><strong>&#39;136</strong></span> <span class='ocrx_word' id='word_1_198' title='bbox 279 2248 360 2334; x_wconf 82' lang='lat'><strong>(41.)</strong></span> <span class='ocrx_word' id='word_1_199' title='bbox 378 2251 418 2331; x_wconf 88' lang='grc'><strong>[1]</strong></span> <span class='ocrx_word' id='word_1_200' title='bbox 436 2247 505 2313; x_wconf 87' lang='lat' dir='ltr'><strong>Olus</strong></span> <span class='ocrx_word' id='word_1_201' title='bbox 522 2250 680 2328; x_wconf 88' lang='lat' dir='ltr'><strong>caulisque,</strong></span> <span class='ocrx_word' id='word_1_202' title='bbox 697 2248 799 2328; x_wconf 88' lang='lat' dir='ltr'><strong>quihus</strong></span> <span class='ocrx_word' id='word_1_203' title='bbox 813 2265 888 2308; x_wconf 91' lang='lat' dir='ltr'><strong>nunc</strong></span> <span class='ocrx_word' id='word_1_204' title='bbox 902 2248 1078 2327; x_wconf 81' lang='lat' dir='ltr'><strong>principatus</strong></span> <span class='ocrx_word' id='word_1_205' title='bbox 1092 2250 1195 2310; x_wconf 92' lang='lat' dir='ltr'><strong>horto-</strong></span> 
     </span>
     <span class='ocr_line' id='line_1_26' title="bbox 73 2329 1234 2413; baseline -0.003 -16"><span class='ocrx_word' id='word_1_206' title='bbox 73 2329 76 2336; x_wconf 47' lang='lat'><strong>⁴</strong></span> <span class='ocrx_word' id='word_1_207' title='bbox 203 2354 277 2410; x_wconf 92' lang='lat' dir='ltr'><strong>rum,</strong></span> <span class='ocrx_word' id='word_1_208' title='bbox 299 2334 375 2413; x_wconf 88' lang='lat' dir='ltr'><strong>apud</strong></span> <span class='ocrx_word' id='word_1_209' title='bbox 392 2335 520 2396; x_wconf 85' lang='lat' dir='ltr'><strong>Graecos</strong></span> <span class='ocrx_word' id='word_1_210' title='bbox 540 2336 568 2392; x_wconf 90' lang='lat' dir='ltr'><strong>iu</strong></span> <span class='ocrx_word' id='word_1_211' title='bbox 589 2333 700 2394; x_wconf 89' lang='lat' dir='ltr'><strong>honore</strong></span> <span class='ocrx_word' id='word_1_212' title='bbox 715 2332 805 2392; x_wconf 87' lang='lat' dir='ltr'><strong>fuisse</strong></span> <span class='ocrx_word' id='word_1_213' title='bbox 821 2351 877 2396; x_wconf 91' lang='lat' dir='ltr'><strong>non</strong></span> <span class='ocrx_word' id='word_1_214' title='bbox 892 2333 1026 2411; x_wconf 85' lang='lat' dir='ltr'><strong>reperio,</strong></span> <span class='ocrx_word' id='word_1_215' title='bbox 1049 2333 1101 2400; x_wconf 86' lang='lat' dir='ltr'><strong>sed</strong></span> <span class='ocrx_word' id='word_1_216' title='bbox 1120 2331 1234 2394; x_wconf 68' lang='lat' dir='ltr'><strong>caros</strong></span> 
     </span>
     <span class='ocr_line' id='line_1_27' title="bbox 162 2414 1198 2506; baseline 0.001 -29"><span class='ocrx_word' id='word_1_217' title='bbox 162 2420 222 2506; x_wconf 62' lang='lat' dir='ltr'><strong>²2ng</strong></span> <span class='ocrx_word' id='word_1_218' title='bbox 230 2417 375 2479; x_wconf 89' lang='lat' dir='ltr'><strong>brassicae</strong></span> <span class='ocrx_word' id='word_1_219' title='bbox 390 2419 476 2476; x_wconf 89' lang='lat' dir='ltr'><strong>miras</strong></span> <span class='ocrx_word' id='word_1_220' title='bbox 492 2417 566 2476; x_wconf 84' lang='lat' dir='ltr'><strong>canit</strong></span> <span class='ocrx_word' id='word_1_221' title='bbox 581 2416 700 2491; x_wconf 85' lang='lat' dir='ltr'><strong>laudes,</strong></span> <span class='ocrx_word' id='word_1_222' title='bbox 726 2433 797 2494; x_wconf 90' lang='lat' dir='ltr'><strong>quas</strong></span> <span class='ocrx_word' id='word_1_223' title='bbox 812 2414 987 2476; x_wconf 85' lang='lat' dir='ltr'><strong>immedendi</strong></span> <span class='ocrx_word' id='word_1_224' title='bbox 1001 2415 1068 2475; x_wconf 91' lang='lat' dir='ltr'><strong>loco</strong></span> <span class='ocrx_word' id='word_1_225' title='bbox 1088 2415 1198 2478; x_wconf 87' lang='lat' dir='ltr'><strong>redde·</strong></span> 
     </span>
     <span class='ocr_line' id='line_1_28' title="bbox 203 2499 1198 2576; baseline -0.001 -15"><span class='ocrx_word' id='word_1_226' title='bbox 203 2518 273 2562; x_wconf 90' lang='lat' dir='ltr'><strong>mus.</strong></span> <span class='ocrx_word' id='word_1_227' title='bbox 303 2515 411 2576; x_wconf 79' lang='lat' dir='ltr'><strong>genera</strong></span> <span class='ocrx_word' id='word_1_228' title='bbox 431 2500 492 2560; x_wconf 90' lang='lat' dir='ltr'><strong>eius</strong></span> <span class='ocrx_word' id='word_1_229' title='bbox 513 2499 597 2560; x_wconf 88' lang='lat' dir='ltr'><strong>facit:</strong></span> <span class='ocrx_word' id='word_1_230' title='bbox 619 2499 741 2560; x_wconf 82' lang='lat' dir='ltr'><strong>extentis</strong></span> <span class='ocrx_word' id='word_1_231' title='bbox 757 2499 851 2574; x_wconf 91' lang='lat' dir='ltr'><strong>foliis,</strong></span> <span class='ocrx_word' id='word_1_232' title='bbox 880 2499 963 2568; x_wconf 80' lang='lat' dir='ltr'><strong>caule</strong></span> <span class='ocrx_word' id='word_1_233' title='bbox 978 2516 1097 2576; x_wconf 86' lang='lat' dir='ltr'><strong>magno,</strong></span> <span class='ocrx_word' id='word_1_234' title='bbox 1121 2500 1198 2561; x_wconf 88' lang='lat' dir='ltr'><strong>alte-</strong></span> 
     </span>
     <span class='ocr_line' id='line_1_29' title="bbox 202 2580 1200 2662; baseline 0.002 -20"><span class='ocrx_word' id='word_1_235' title='bbox 202 2601 262 2642; x_wconf 90' lang='lat' dir='ltr'><strong>ram</strong></span> <span class='ocrx_word' id='word_1_236' title='bbox 278 2583 374 2659; x_wconf 82' lang='lat' dir='ltr'><strong>o&#39;rispo</strong></span> <span class='ocrx_word' id='word_1_237' title='bbox 388 2580 476 2657; x_wconf 92' lang='lat' dir='ltr'><strong>folio,</strong></span> <span class='ocrx_word' id='word_1_238' title='bbox 495 2597 578 2660; x_wconf 89' lang='lat' dir='ltr'><strong>quam</strong></span> <span class='ocrx_word' id='word_1_239' title='bbox 591 2582 721 2662; x_wconf 87' lang='lat' dir='ltr'><strong>apiacam</strong></span> <span class='ocrx_word' id='word_1_240' title='bbox 734 2591 833 2659; x_wconf 84' lang='lat' dir='ltr'><strong>vocat,</strong></span> <span class='ocrx_word' id='word_1_241' title='bbox 851 2583 961 2642; x_wconf 89' lang='lat' dir='ltr'><strong>tertiam</strong></span> <span class='ocrx_word' id='word_1_242' title='bbox 975 2583 1090 2657; x_wconf 79' lang='lat' dir='ltr'><strong>minutis¹</strong></span> <span class='ocrx_word' id='word_1_243' title='bbox 1104 2584 1200 2644; x_wconf 89' lang='lat' dir='ltr'><strong>cauli·</strong></span> 
     </span>
     <span class='ocr_line' id='line_1_30' title="bbox 162 2663 1201 2745; baseline 0.002 -20"><span class='ocrx_word' id='word_1_244' title='bbox 162 2675 210 2731; x_wconf 80' lang='lat'><strong>137</strong></span> <span class='ocrx_word' id='word_1_245' title='bbox 223 2665 292 2741; x_wconf 94' lang='lat' dir='ltr'><strong>hus,</strong></span> <span class='ocrx_word' id='word_1_246' title='bbox 318 2663 428 2742; x_wconf 90' lang='lat' dir='ltr'><strong>lenem,</strong></span> <span class='ocrx_word' id='word_1_247' title='bbox 453 2675 581 2728; x_wconf 90' lang='lat' dir='ltr'><strong>teneram</strong></span> <span class='ocrx_word' id='word_1_248' title='bbox 589 2709 603 2744; x_wconf 92' lang='lat'><strong>,.</strong></span> <span class='ocrx_word' id='word_1_249' title='bbox 618 2667 803 2745; x_wconf 81' lang='lat' dir='ltr'><strong>miuumeque</strong></span> <span class='ocrx_word' id='word_1_250' title='bbox 818 2663 930 2744; x_wconf 85' lang='lat' dir='ltr'><strong>probat.</strong></span> <span class='ocrx_word' id='word_1_251' title='bbox 974 2663 1107 2727; x_wconf 84' lang='lat' dir='ltr'><strong>Brassica</strong></span> <span class='ocrx_word' id='word_1_252' title='bbox 1117 2725 1119 2730; x_wconf 86' lang='grc'>,</span> <span class='ocrx_word' id='word_1_253' title='bbox 1131 2675 1201 2728; x_wconf 93' lang='lat' dir='ltr'><strong>toto</strong></span> 
     </span>
     <span class='ocr_line' id='line_1_31' title="bbox 204 2749 1237 2828; baseline 0.005 -19"><span class='ocrx_word' id='word_1_254' title='bbox 204 2765 276 2810; x_wconf 90' lang='lat' dir='ltr'><strong>anno</strong></span> <span class='ocrx_word' id='word_1_255' title='bbox 296 2749 418 2824; x_wconf 88' lang='lat' dir='ltr'><strong>seritur,</strong></span> <span class='ocrx_word' id='word_1_256' title='bbox 444 2750 575 2828; x_wconf 90' lang='lat' dir='ltr'><strong>quoniam</strong></span> <span class='ocrx_word' id='word_1_257' title='bbox 598 2758 627 2811; x_wconf 88' lang='lat' dir='ltr'><strong>ct</strong></span> <span class='ocrx_word' id='word_1_258' title='bbox 642 2759 707 2811; x_wconf 90' lang='lat' dir='ltr'><strong>tcto</strong></span> <span class='ocrx_word' id='word_1_259' title='bbox 722 2756 855 2824; x_wconf 86' lang='lat' dir='ltr'><strong>secatur,</strong></span> <span class='ocrx_word' id='word_1_260' title='bbox 877 2749 1026 2809; x_wconf 87' lang='lat' dir='ltr'><strong>utilissime</strong></span> <span class='ocrx_word' id='word_1_261' title='bbox 1045 2758 1143 2809; x_wconf 86' lang='lat' dir='ltr'><strong>tamen</strong></span> <span class='ocrx_word' id='word_1_262' title='bbox 1160 2751 1237 2814; x_wconf 83' lang='lat' dir='ltr'><strong>abeo</strong></span> 
     </span>
     <span class='ocr_line' id='line_1_32' title="bbox 203 2832 1202 2912; baseline 0.003 -19"><span class='ocrx_word' id='word_1_263' title='bbox 203 2832 384 2912; x_wconf 86' lang='lat' dir='ltr'><strong>aequinoctio</strong></span> <span class='ocrx_word' id='word_1_264' title='bbox 400 2834 538 2911; x_wconf 90' lang='lat' dir='ltr'><strong>autumni,</strong></span> <span class='ocrx_word' id='word_1_265' title='bbox 565 2833 810 2910; x_wconf 83' lang='lat' dir='ltr'><strong>transferturque,</strong></span> <span class='ocrx_word' id='word_1_266' title='bbox 834 2850 897 2892; x_wconf 90' lang='lat' dir='ltr'><strong>cum</strong></span> <span class='ocrx_word' id='word_1_267' title='bbox 915 2832 1039 2911; x_wconf 91' lang='lat' dir='ltr'><strong>quinque</strong></span> <span class='ocrx_word' id='word_1_268' title='bbox 1054 2833 1202 2896; x_wconf 82' lang='lat' dir='ltr'><strong>foliorum</strong></span> 
     </span>
     <span class='ocr_line' id='line_1_33' title="bbox 117 2916 1203 2995; baseline 0 -17"><span class='ocrx_word' id='word_1_269' title='bbox 117 2979 120 2986; x_wconf 78' lang='grc'>,</span> <span class='ocrx_word' id='word_1_270' title='bbox 160 2978 162 2988; x_wconf 80' lang='grc'>,</span> <span class='ocrx_word' id='word_1_271' title='bbox 204 2926 257 2978; x_wconf 91' lang='lat' dir='ltr'><strong>est.</strong></span> <span class='ocrx_word' id='word_1_272' title='bbox 291 2931 371 2990; x_wconf 71' lang='lat' dir='ltr'><strong>cyma</strong></span> <span class='ocrx_word' id='word_1_273' title='bbox 389 2933 405 2974; x_wconf 88' lang='lat' dir='ltr'><strong>a</strong></span> <span class='ocrx_word' id='word_1_274' title='bbox 421 2916 510 2993; x_wconf 91' lang='lat' dir='ltr'><strong>prima</strong></span> <span class='ocrx_word' id='word_1_275' title='bbox 527 2917 657 2976; x_wconf 86' lang='lat' dir='ltr'><strong>sectione</strong></span> <span class='ocrx_word' id='word_1_276' title='bbox 673 2923 802 2995; x_wconf 87' lang='lat' dir='ltr'><strong>praestat</strong></span> <span class='ocrx_word' id='word_1_277' title='bbox 815 2933 955 2994; x_wconf 90' lang='lat' dir='ltr'><strong>proxumo</strong></span> <span class='ocrx_word' id='word_1_278' title='bbox 970 2933 1049 2976; x_wconf 85' lang='lat' dir='ltr'><strong>rere.</strong></span> <span class='ocrx_word' id='word_1_279' title='bbox 1081 2916 1131 2976; x_wconf 94' lang='lat' dir='ltr'><strong>hic</strong></span> <span class='ocrx_word' id='word_1_280' title='bbox 1149 2927 1203 2978; x_wconf 86' lang='lat' dir='ltr'><strong>est</strong></span> 
     </span>
     <span class='ocr_line' id='line_1_34' title="bbox 204 2999 1201 3080; baseline 0.001 -20"><span class='ocrx_word' id='word_1_281' title='bbox 204 3001 315 3080; x_wconf 88' lang='lat' dir='ltr'><strong>quidam</strong></span> <span class='ocrx_word' id='word_1_282' title='bbox 342 2999 468 3077; x_wconf 93' lang='lat' dir='ltr'><strong>ipsorum</strong></span> <span class='ocrx_word' id='word_1_283' title='bbox 493 2999 613 3060; x_wconf 90' lang='lat' dir='ltr'><strong>caulium</strong></span> <span class='ocrx_word' id='word_1_284' title='bbox 638 2999 787 3060; x_wconf 89' lang='lat' dir='ltr'><strong>delicatior</strong></span> <span class='ocrx_word' id='word_1_285' title='bbox 809 2999 993 3077; x_wconf 87' lang='lat' dir='ltr'><strong>teneriorque</strong></span> <span class='ocrx_word' id='word_1_286' title='bbox 1018 2999 1201 3077; x_wconf 88' lang='lat' dir='ltr'><strong>cauliculus,</strong></span> 
     </span>
     <span class='ocr_line' id='line_1_35' title="bbox 202 3079 1201 3162; baseline 0 -18"><span class='ocrx_word' id='word_1_287' title='bbox 202 3084 287 3162; x_wconf 84' lang='lat' dir='ltr'><strong>Apici</strong></span> <span class='ocrx_word' id='word_1_288' title='bbox 304 3082 433 3148; x_wconf 86' lang='lat' dir='ltr'><strong>luxuriae</strong></span> <span class='ocrx_word' id='word_1_289' title='bbox 450 3092 478 3143; x_wconf 89' lang='lat' dir='ltr'><strong>et</strong></span> <span class='ocrx_word' id='word_1_290' title='bbox 493 3100 546 3160; x_wconf 79' lang='lat' dir='ltr'><strong>per</strong></span> <span class='ocrx_word' id='word_1_291' title='bbox 561 3101 624 3146; x_wconf 89' lang='lat' dir='ltr'><strong>eum</strong></span> <span class='ocrx_word' id='word_1_292' title='bbox 637 3082 733 3144; x_wconf 88' lang='lat' dir='ltr'><strong>Druso</strong></span> <span class='ocrx_word' id='word_1_293' title='bbox 750 3079 869 3142; x_wconf 86' lang='lat' dir='ltr'><strong>Caesari</strong></span> <span class='ocrx_word' id='word_1_294' title='bbox 884 3081 1035 3158; x_wconf 86' lang='lat' dir='ltr'><strong>fastiditus,</strong></span> <span class='ocrx_word' id='word_1_295' title='bbox 1054 3100 1111 3144; x_wconf 93' lang='lat' dir='ltr'><strong>uon</strong></span> <span class='ocrx_word' id='word_1_296' title='bbox 1128 3085 1201 3144; x_wconf 87' lang='lat' dir='ltr'><strong>sine</strong></span> 
     </span>
     <span class='ocr_line' id='line_1_36' title="bbox 162 3165 1239 3244; baseline -0.005 -17"><span class='ocrx_word' id='word_1_297' title='bbox 162 3179 212 3234; x_wconf 76' lang='lat'><strong>136</strong></span> <span class='ocrx_word' id='word_1_298' title='bbox 223 3167 409 3243; x_wconf 80' lang='lat' dir='ltr'><strong>castigatione</strong></span> <span class='ocrx_word' id='word_1_299' title='bbox 425 3165 521 3225; x_wconf 84' lang='lat' dir='ltr'><strong>Tiberi</strong></span> <span class='ocrx_word' id='word_1_300' title='bbox 537 3167 635 3244; x_wconf 89' lang='lat' dir='ltr'><strong>patris.</strong></span> <span class='ocrx_word' id='word_1_301' title='bbox 679 3166 748 3226; x_wconf 88' lang='lat' dir='ltr'><strong>Post</strong></span> <span class='ocrx_word' id='word_1_302' title='bbox 765 3183 875 3240; x_wconf 81' lang='lat' dir='ltr'><strong>cymam</strong></span> <span class='ocrx_word' id='word_1_303' title='bbox 890 3183 927 3224; x_wconf 88' lang='lat' dir='ltr'><strong>ex</strong></span> <span class='ocrx_word' id='word_1_304' title='bbox 943 3165 1042 3226; x_wconf 89' lang='lat' dir='ltr'><strong>eadem</strong></span> <span class='ocrx_word' id='word_1_305' title='bbox 1057 3166 1202 3228; x_wconf 88' lang='lat' dir='ltr'><strong>brassica</strong></span> <span class='ocrx_word' id='word_1_306' title='bbox 1213 3181 1239 3222; x_wconf 79' lang='lat' dir='ltr'><strong>as</strong></span> 
     </span>
     <span class='ocr_line' id='line_1_37' title="bbox 204 3248 1203 3328; baseline 0 -18"><span class='ocrx_word' id='word_1_307' title='bbox 204 3252 366 3326; x_wconf 78' lang='lat' dir='ltr'><strong>contingunt</strong></span> <span class='ocrx_word' id='word_1_308' title='bbox 384 3250 484 3313; x_wconf 89' lang='lat' dir='ltr'><strong>aestivi</strong></span> <span class='ocrx_word' id='word_1_309' title='bbox 497 3249 729 3328; x_wconf 82' lang='lat' dir='ltr'><strong>autumnalesque</strong></span> <span class='ocrx_word' id='word_1_310' title='bbox 741 3249 890 3324; x_wconf 86' lang='lat' dir='ltr'><strong>cauliculi,</strong></span> <span class='ocrx_word' id='word_1_311' title='bbox 909 3248 1110 3325; x_wconf 85' lang='lat' dir='ltr'><strong>moxhihemi‚</strong></span> <span class='ocrx_word' id='word_1_312' title='bbox 1138 3252 1203 3311; x_wconf 91' lang='lat' dir='ltr'><strong>ite-</strong></span> 
     </span>
     <span class='ocr_line' id='line_1_38' title="bbox 202 3331 1206 3414; baseline 0.002 -22"><span class='ocrx_word' id='word_1_313' title='bbox 202 3350 321 3410; x_wconf 92' lang='lat' dir='ltr'><strong>rumque</strong></span> <span class='ocrx_word' id='word_1_314' title='bbox 336 3347 447 3409; x_wconf 82' lang='lat' dir='ltr'><strong>cymae,</strong></span> <span class='ocrx_word' id='word_1_315' title='bbox 458 3331 536 3393; x_wconf 93' lang='lat' dir='ltr'><strong>nullo</strong></span> <span class='ocrx_word' id='word_1_316' title='bbox 548 3349 640 3414; x_wconf 89' lang='lat' dir='ltr'><strong>aeque</strong></span> <span class='ocrx_word' id='word_1_317' title='bbox 650 3349 759 3408; x_wconf 78' lang='lat' dir='ltr'><strong>genere</strong></span> <span class='ocrx_word' id='word_1_318' title='bbox 770 3331 926 3408; x_wconf 83' lang='lat' dir='ltr'><strong>multifera,</strong></span> <span class='ocrx_word' id='word_1_319' title='bbox 937 3332 1031 3392; x_wconf 90' lang='lat' dir='ltr'><strong>donec</strong></span> <span class='ocrx_word' id='word_1_320' title='bbox 1041 3333 1206 3394; x_wconf 88' lang='lat' dir='ltr'><strong>fertilitate</strong></span> 
     </span>
     <span class='ocr_line' id='line_1_39' title="bbox 203 3415 1206 3494; baseline 0.004 -20"><span class='ocrx_word' id='word_1_321' title='bbox 203 3433 253 3476; x_wconf 91' lang='lat' dir='ltr'><strong>sua</strong></span> <span class='ocrx_word' id='word_1_322' title='bbox 279 3427 466 3478; x_wconf 88' lang='lat' dir='ltr'><strong>consumatur.</strong></span> <span class='ocrx_word' id='word_1_323' title='bbox 490 3415 579 3476; x_wconf 89' lang='lat' dir='ltr'><strong>altera</strong></span> <span class='ocrx_word' id='word_1_324' title='bbox 594 3417 667 3478; x_wconf 88' lang='lat' dir='ltr'><strong>satio</strong></span> <span class='ocrx_word' id='word_1_325' title='bbox 681 3415 716 3477; x_wconf 91' lang='lat' dir='ltr'><strong>ab</strong></span> <span class='ocrx_word' id='word_1_326' title='bbox 731 3416 912 3494; x_wconf 88' lang='lat' dir='ltr'><strong>aequinoctio</strong></span> <span class='ocrx_word' id='word_1_327' title='bbox 925 3432 1014 3477; x_wconf 85' lang='lat' dir='ltr'><strong>verno</strong></span> <span class='ocrx_word' id='word_1_328' title='bbox 1027 3425 1088 3493; x_wconf 88' lang='lat' dir='ltr'><strong>est,</strong></span> <span class='ocrx_word' id='word_1_329' title='bbox 1108 3419 1206 3478; x_wconf 89' lang='lat' dir='ltr'><strong>cuius</strong></span> 
     </span>
    </p>
   </div>
   <div class='ocr_carea' id='block_1_6' title="bbox 0 0 1280 3866">
    <p class='ocr_par' dir='ltr' id='par_1_7' title="bbox 0 0 1280 3866">
     <span class='ocr_line' id='line_1_40' title="bbox 0 0 1280 3866; baseline 0 0"><span class='ocrx_word' id='word_1_330' title='bbox 0 0 1280 3866; x_wconf 95' lang='lat' dir='ltr'><strong> </strong></span> 
     </span>
    </p>
   </div>
  </div>
 </body>
</html>
