2534 3866
327 215 407 261 unu.
424 214 516 262 rursu.
533 215 618 263 xvu.
635 214 755 266 ur—uu.
774 201 843 284 (ιι.)
1033 206 1073 265 75

14 361 16 404 l
79 368 240 446 qnecperi
256 365 380 426 facilior.
407 385 497 445 super
519 377 618 428 cetera
629 369 798 430 deflorescit
814 368 919 428 utilius.
949 369 1049 447 iugum
1062 379 1113 434 166
1194 432 1196 438 ,

79 453 109 512 lit
127 451 240 529 pertica
263 459 310 510 ant
326 449 482 513 harundine
501 462 548 511 aut
566 453 645 512 crine
661 453 838 527 funiculosa,
857 461 887 510 ut
899 455 926 511 in
936 453 1074 532 Hispania

78 534 279 611 Brundisique.
318 531 509 612 Conpluviata
530 537 678 622 copiosior
696 538 762 595 vinc
780 544 842 610 est,
862 535 937 595 dicta
958 555 973 595 a
993 539 1072 600 cavis

13 631 15 726 l
58 617 838 765 ,liliitttttlltllll*itttltlltlltl
854 620 1072 779 titillet}

524 746 533 778 Ὶ
1064 748 1073 779 l

79 790 106 846 in
124 786 182 845 hoc
201 801 273 844 vero
293 786 475 845 numerosior
493 794 608 850 tantum.
632 788 675 865 [i]
697 786 788 848 tribus
807 803 879 846 vero
897 789 1073 846 seriturmo·

80 872 139 931 dis:
165 876 283 946 optume
306 869 334 926 in
357 870 510 946 pastinato,
536 886 677 947 proxume
698 873 726 930 in
747 869 844 945 sulco,
871 871 1028 930 novIssimc
1046 872 1075 930 in

79 952 196 1013 scrobe.
227 952 262 1013 de
279 953 470 1031 pastinatione
488 953 595 1012 dictum
612 963 666 1012 est.
704 953 754 1014 22.
781 953 870 1014 Sulcc
888 953 1008 1014 latitudo
1023 973 1057 1008 ιιι
1065 961 1115 1018 167

80 1037 164 1115 palae
176 1037 247 1095 satis
259 1044 314 1110 est,
323 1035 478 1095 scrobibus
489 1045 635 1096 ternorum
647 1037 751 1114 pedum
759 1038 937 1116 iuquamque
951 1046 1073 1114 partem.

50 1137 71 1178 ιι
79 1119 199 1182 altitudo
216 1120 245 1178 in
256 1135 441 1196 quocumque
454 1137 566 1195 genere
578 1120 738 1197 tripedalis,
758 1120 824 1181 ideo
835 1139 891 1180 nec
903 1121 969 1180 vitis
981 1122 1073 1180 minor

77 1204 230 1264 transferri
241 1201 339 1276 debet,
361 1211 507 1263 exstatura
519 1205 670 1264 etiamnum
684 1205 793 1266 duabus
805 1205 935 1282 gemmis.
961 1205 1050 1264 emol·
1063 1214 1114 1269 168

78 1288 123 1347 liri
144 1295 252 1346 terram
279 1286 392 1345 minutis
420 1288 448 1344 in
477 1286 584 1347 scrobe
607 1289 663 1350 imo
694 1289 783 1350 sulcis
806 1289 932 1365 limoque
956 1289 1072 1348 misceri

78 1371 284 1430 necessarium.
318 1370 429 1429 clivosa
457 1370 575 1430 altiores
606 1371 720 1433 scrobis
748 1381 888 1450 poscunt,
917 1382 1072 1449 praeterea

77 1453 232 1533 pulvinatis
249 1469 265 1512 a
284 1452 448 1512 devexitate
467 1455 566 1515 labris.
597 1457 645 1535 qui
663 1474 701 1515 cx
719 1456 763 1516 his
778 1456 928 1533 longiores
948 1456 1026 1531 lient,
1041 1464 1072 1514 ut

48 1540 144 1598 lavitis
158 1536 240 1597 binas
263 1538 405 1614 accipiant
429 1556 444 1596 e
467 1539 600 1613 diverso,
624 1538 689 1598 alae
701 1539 890 1600 vocabuntur.
925 1557 992 1598 esse
1006 1541 1072 1598 vitis

77 1623 206 1683 radicem
224 1621 253 1678 in
268 1620 362 1680 medio
379 1621 486 1681 scrolre
504 1630 637 1700 oportet,
660 1621 713 1680 sed
729 1623 821 1699 ipsam
838 1623 961 1682 innixam
976 1622 1070 1682 solido

78 1709 105 1765 in
118 1705 260 1765 orientem
278 1705 517 1780 aequinoctialem
535 1715 681 1784 spectare,
699 1704 868 1765 adminicula
889 1707 980 1782 prima
995 1723 1011 1770 e
1025 1723 1071 1764 ca·

78 1791 153 1850 lamo
166 1788 312 1864 accipere.
334 1787 442 1846 Vineae
458 1788 570 1848 limitari
591 1789 747 1848 decumano
759 1801 848 1848 xvln
867 1788 971 1866 pedum
987 1788 1049 1847 lati·
1063 1797 1113 1851 169

78 1873 184 1932 tudinis
201 1870 236 1930 ad
249 1872 411 1931 contrarios
423 1871 619 1932 vehiculorum
630 1873 781 1947 transitus,
800 1872 921 1951 aliisque
934 1872 1071 1932 traversis

45 1955 215 2016 mlimitilnus
233 1954 335 2016 densum
358 1955 464 2032 pedum
487 1955 620 2031 distingui
639 1955 802 2033 permedia
821 1958 938 2033 iugera,
961 1965 1023 2030 ant,
1047 1955 1071 2014 si

77 2041 168 2100 melon
179 2037 282 2096 modus
294 2038 341 2112 sit,
355 2037 473 2096 totidem
485 2037 589 2114 pedum
601 2039 716 2098 cardine
731 2049 801 2118 quot
820 2040 978 2099 decumano
998 2039 1069 2098 limi-

77 2123 141 2198 tari,
156 2138 274 2197 semper
285 2137 356 2179 vero
369 2122 509 2197 quintanis
522 2122 666 2196 seminari,
679 2121 736 2180 lucc
747 2131 831 2181 estut
843 2124 940 2198 quinto
953 2139 1083 2203 quoque⁸

78 2205 146 2285 palo
166 2203 296 2280 singulae
317 2205 385 2280 iugo
404 2205 526 2281 paginae
544 2203 732 2264 includantur.
767 2205 807 2282 [8]
825 2205 890 2264 solo
903 2207 1000 2281 spisso
1013 2223 1071 2263 nou

10 2327 11 2330 =
78 2291 133 2349 nisi
148 2288 325 2366 repastinato
344 2305 399 2345 uec
416 2289 469 2346 nisi
490 2287 684 2348 viveradicem
699 2288 772 2361 seri,
801 2296 902 2347 teucro
926 2295 955 2346 et
975 2287 1069 2346 soluto

45 2373 127 2433 uvel
138 2370 304 2432 malleolum
321 2370 468 2438 sulccvel
486 2371 601 2433 scrobe.
631 2369 662 2430 ln
675 2371 758 2431 collis
777 2371 875 2430 sulcos
890 2387 980 2446 agere
993 2377 1048 2428 tra·
1062 2377 1113 2433 170

77 2473 182 2516 versos
203 2454 306 2513 melius
325 2471 408 2532 quarn
427 2456 586 2531 pastinare,
609 2464 639 2513 ut
658 2455 782 2516 delluvla
802 2454 867 2515 talis
886 2471 983 2513 eorum
1003 2469 1069 2513 con·

78 2543 237 2611 tineentnr,
256 2555 367 2614 aquoso
385 2536 468 2597 caelo
485 2537 534 2597 vel
553 2539 632 2597 sicco
654 2538 718 2598 solo
736 2537 890 2598 malleolos
906 2555 1006 2598 serere
1022 2556 1070 2597 au-

78 2634 194 2696 tumno,
211 2621 307 2680 nisisi
327 2630 434 2682 tractus
454 2623 526 2682 ratic
544 2622 671 2681 mutavit.
705 2623 800 2681 siccus
823 2623 937 2682 enimet
960 2621 1071 2682 calidus
1102 2687 1109 2698 f

10 2719 11 2726 ’
78 2716 215 2768 autumno
240 2705 352 2782 poscit,
379 2704 488 2762 umidus
512 2704 691 2782 frigidusque
720 2706 804 2765 etiam
825 2707 902 2764 veris
925 2706 1012 2765 exitu.
1039 2703 1072 2764 ln

43 2811 68 2852 an
79 2791 162 2851 arido
177 2788 243 2848 solo
257 2787 405 2848 viveradix
420 2803 535 2864 quoque
551 2787 657 2847 irustrn
671 2788 785 2864 seritur,
803 2787 878 2847 rnalc
896 2797 924 2847 et
940 2790 968 2846 in
984 2788 1070 2848 siccis

77 2873 251 2946 malleolus,
276 2871 329 2930 nisi
350 2881 416 2949 post
437 2869 565 2929 imbrem.
597 2880 625 2928 at
640 2872 668 2929 in
685 2871 774 2945 riguis
789 2871 838 2930 vel
855 2870 991 2930 frondens
1006 2870 1070 2928 vitis

79 2967 110 3018 et
122 2974 215 3033 usque
231 2955 267 3015 ad
280 2953 431 3014 solstitium
446 2962 539 3028 recte,
552 2960 582 3011 ut
593 2953 621 3010 in
630 2953 775 3032 Hispania.
792 2953 953 3027 Quiescere
968 2960 1072 3011 ventos

10 2981 12 3098 l
78 3040 201 3100 sationis
216 3038 269 3098 die
287 3037 472 3098 utilissimum.
506 3036 639 3116 plerique
651 3045 763 3096 austros
776 3046 885 3114 aptant,
903 3035 975 3096 (lato
990 3033 1070 3093 abdi-

79 3133 139 3184 cat.
177 3121 217 3199 [9]
249 3121 396 3180 Interesse
418 3120 513 3180 medic
534 3130 760 3196 temperamento
782 3120 855 3180 inter
878 3119 959 3178 binas
985 3118 1110 3198 vitis-til

42 3227 70 3269 ss
80 3214 200 3287 oportet
215 3205 307 3282 pedes
322 3206 435 3283 quinos,
449 3205 599 3264 minumum
614 3211 707 3262 autem
723 3204 800 3263 laeto
816 3203 880 3263 solo
896 3202 988 3282 pedes
1004 3218 1071 3278 qua·

78 3301 193 3363 ternos,
208 3289 285 3346 tenui
297 3288 455 3365 plurumum
468 3296 600 3362 octonos,
612 3319 654 3332 -
664 3286 762 3346 Umbri
773 3296 801 3346 et
807 3285 893 3346 lllursi
905 3285 940 3346 ad
952 3288 1071 3346 vicenos

78 3372 269 3434 intermittunt
277 3371 418 3430 ‘arationis
434 3371 525 3447 gratia
538 3373 567 3429 in
582 3370 626 3430 his
643 3388 716 3446 qnae
731 3378 838 3429 ‘vocant
853 3367 1014 3447 porculeta,
1030 3403 1071 3414 -

79 3457 162 3517 invio
187 3463 217 3514 et
238 3452 400 3528 caliginoso
426 3461 521 3512 tractu
543 3455 670 3513 rariores
692 3454 778 3529 poni,
801 3453 880 3511 sicco
903 3452 1065 3512 densiores.
