<?xml version="1.0" encoding="UTF-8"?>
<!DOCTYPE html PUBLIC "-//W3C//DTD XHTML 1.0 Transitional//EN"
    "http://www.w3.org/TR/xhtml1/DTD/xhtml1-transitional.dtd">
<html xmlns="http://www.w3.org/1999/xhtml" xml:lang="en" lang="en">
 <head>
  <title>
</title>
<meta http-equiv="Content-Type" content="text/html;charset=utf-8" />
  <meta name='ocr-system' content='tesseract 3.04.00' />
  <meta name='ocr-capabilities' content='ocr_page ocr_carea ocr_par ocr_line ocrx_word'/>
</head>
<body>
  <div class='ocr_page' id='page_1' title='image "./cplinisecundina23plingoog_0267.png"; bbox 0 0 2538 3864; ppageno 0'>
   <div class='ocr_carea' id='block_1_1' title="bbox 183 190 833 264">
    <p class='ocr_par' dir='ltr' id='par_1_1' title="bbox 183 190 833 264">
     <span class='ocr_line' id='line_1_1' title="bbox 183 190 833 264; baseline -0.009 0"><span class='ocrx_word' id='word_1_1' title='bbox 183 201 245 264; x_wconf 83' lang='lat'><strong>210</strong></span> <span class='ocrx_word' id='word_1_2' title='bbox 531 190 833 262; x_wconf 70' lang='lat' dir='ltr'><strong>canrnrsncnnnr</strong></span> 
     </span>
    </p>
   </div>
   <div class='ocr_carea' id='block_1_2' title="bbox 74 364 1254 3538">
    <p class='ocr_par' dir='ltr' id='par_1_2' title="bbox 74 364 1254 3538">
     <span class='ocr_line' id='line_1_2' title="bbox 182 364 1178 446; baseline -0.005 -17"><span class='ocrx_word' id='word_1_3' title='bbox 182 368 360 446; x_wconf 89' lang='lat' dir='ltr'><strong>laterumque</strong></span> <span class='ocrx_word' id='word_1_4' title='bbox 377 373 406 440; x_wconf 85' lang='lat' dir='ltr'><strong>et</strong></span> <span class='ocrx_word' id='word_1_5' title='bbox 421 365 596 443; x_wconf 86' lang='lat' dir='ltr'><strong>lumborum,</strong></span> <span class='ocrx_word' id='word_1_6' title='bbox 619 367 726 441; x_wconf 82' lang='lat' dir='ltr'><strong>tussis,</strong></span> <span class='ocrx_word' id='word_1_7' title='bbox 749 364 891 444; x_wconf 86' lang='lat' dir='ltr'><strong>suspiria,</strong></span> <span class='ocrx_word' id='word_1_8' title='bbox 909 365 1091 444; x_wconf 85' lang='lat' dir='ltr'><strong>pulmonum,</strong></span> <span class='ocrx_word' id='word_1_9' title='bbox 1108 365 1178 424; x_wconf 90' lang='lat' dir='ltr'><strong>ioci·</strong></span> 
     </span>
     <span class='ocr_line' id='line_1_3' title="bbox 181 448 1177 528; baseline -0.002 -18"><span class='ocrx_word' id='word_1_10' title='bbox 181 467 297 526; x_wconf 78' lang='lat' dir='ltr'><strong>nerum,</strong></span> <span class='ocrx_word' id='word_1_11' title='bbox 321 452 430 510; x_wconf 92' lang='lat' dir='ltr'><strong>renium</strong></span> <span class='ocrx_word' id='word_1_12' title='bbox 450 452 535 526; x_wconf 78' lang='lat' dir='ltr'><strong>vitia,</strong></span> <span class='ocrx_word' id='word_1_13' title='bbox 557 451 695 510; x_wconf 88' lang='lat' dir='ltr'><strong>horrores</strong></span> <span class='ocrx_word' id='word_1_14' title='bbox 712 448 843 528; x_wconf 81' lang='lat' dir='ltr'><strong>frigidos.</strong></span> <span class='ocrx_word' id='word_1_15' title='bbox 871 449 912 508; x_wconf 91' lang='lat' dir='ltr'><strong>ad·</strong></span> <span class='ocrx_word' id='word_1_16' title='bbox 921 449 1059 528; x_wconf 89' lang='lat' dir='ltr'><strong>crapulae</strong></span> <span class='ocrx_word' id='word_1_17' title='bbox 1073 466 1177 524; x_wconf 76' lang='lat' dir='ltr'><strong>graue</strong></span> 
     </span>
     <span class='ocr_line' id='line_1_4' title="bbox 183 531 1254 613; baseline -0.005 -17"><span class='ocrx_word' id='word_1_18' title='bbox 183 535 264 596; x_wconf 89' lang='lat' dir='ltr'><strong>dines</strong></span> <span class='ocrx_word' id='word_1_19' title='bbox 283 534 461 595; x_wconf 75' lang='lat' dir='ltr'>decocuntur</span> <span class='ocrx_word' id='word_1_20' title='bbox 476 534 546 594; x_wconf 90' lang='lat' dir='ltr'><strong>iolia</strong></span> <span class='ocrx_word' id='word_1_21' title='bbox 566 535 686 613; x_wconf 90' lang='lat' dir='ltr'><strong>poturis.</strong></span> <span class='ocrx_word' id='word_1_22' title='bbox 719 542 748 592; x_wconf 88' lang='lat' dir='ltr'><strong>ct</strong></span> <span class='ocrx_word' id='word_1_23' title='bbox 766 535 795 592; x_wconf 94' lang='lat' dir='ltr'><strong>in</strong></span> <span class='ocrx_word' id='word_1_24' title='bbox 816 533 882 593; x_wconf 92' lang='lat' dir='ltr'><strong>cibo</strong></span> <span class='ocrx_word' id='word_1_25' title='bbox 897 534 945 593; x_wconf 89' lang='lat' dir='ltr'><strong>vel</strong></span> <span class='ocrx_word' id='word_1_26' title='bbox 961 532 1047 593; x_wconf 89' lang='lat' dir='ltr'><strong>cruda</strong></span> <span class='ocrx_word' id='word_1_27' title='bbox 1062 531 1110 592; x_wconf 90' lang='lat' dir='ltr'><strong>vel</strong></span> <span class='ocrx_word' id='word_1_28' title='bbox 1126 531 1177 591; x_wconf 92' lang='lat' dir='ltr'><strong>de·</strong></span> <span class='ocrx_word' id='word_1_29' title='bbox 1253 541 1254 610; x_wconf 61' lang='lat' dir='ltr'><strong>p</strong></span> 
     </span>
     <span class='ocr_line' id='line_1_5' title="bbox 183 616 1254 696; baseline -0.002 -18"><span class='ocrx_word' id='word_1_30' title='bbox 183 627 266 679; x_wconf 87' lang='lat' dir='ltr'><strong>cocta</strong></span> <span class='ocrx_word' id='word_1_31' title='bbox 287 617 439 678; x_wconf 89' lang='lat' dir='ltr'><strong>conditave</strong></span> <span class='ocrx_word' id='word_1_32' title='bbox 447 618 591 696; x_wconf 85' lang='lat' dir='ltr'><strong>prodest,</strong></span> <span class='ocrx_word' id='word_1_33' title='bbox 613 619 681 677; x_wconf 92' lang='lat' dir='ltr'><strong>item</strong></span> <span class='ocrx_word' id='word_1_34' title='bbox 695 617 862 678; x_wconf 78' lang='lat' dir='ltr'><strong>torminibus</strong></span> <span class='ocrx_word' id='word_1_35' title='bbox 879 619 908 676; x_wconf 95' lang='lat' dir='ltr'><strong>in</strong></span> <span class='ocrx_word' id='word_1_36' title='bbox 925 617 1040 696; x_wconf 93' lang='lat' dir='ltr'><strong>hysopo</strong></span> <span class='ocrx_word' id='word_1_37' title='bbox 1057 616 1180 675; x_wconf 92' lang='lat' dir='ltr'><strong>decocta</strong></span> <span class='ocrx_word' id='word_1_38' title='bbox 1253 647 1254 676; x_wconf 69' lang='lat' dir='ltr'><strong>r</strong></span> 
     </span>
     <span class='ocr_line' id='line_1_6' title="bbox 142 691 1254 778; baseline -0.001 -17"><span class='ocrx_word' id='word_1_39' title='bbox 142 711 191 768; x_wconf 79' lang='lat'><strong>137</strong></span> <span class='ocrx_word' id='word_1_40' title='bbox 204 711 232 761; x_wconf 87' lang='lat' dir='ltr'><strong>ct</strong></span> <span class='ocrx_word' id='word_1_41' title='bbox 255 720 318 762; x_wconf 92' lang='lat' dir='ltr'><strong>cum</strong></span> <span class='ocrx_word' id='word_1_42' title='bbox 337 701 414 762; x_wconf 91' lang='lat' dir='ltr'><strong>vino.</strong></span> <span class='ocrx_word' id='word_1_43' title='bbox 448 703 490 761; x_wconf 90' lang='lat' dir='ltr'><strong>sic</strong></span> <span class='ocrx_word' id='word_1_44' title='bbox 505 710 535 760; x_wconf 91' lang='lat' dir='ltr'><strong>et</strong></span> <span class='ocrx_word' id='word_1_45' title='bbox 553 702 721 778; x_wconf 85' lang='lat' dir='ltr'><strong>sanguinem</strong></span> <span class='ocrx_word' id='word_1_46' title='bbox 738 703 812 761; x_wconf 88' lang='lat' dir='ltr'><strong>sistit</strong></span> <span class='ocrx_word' id='word_1_47' title='bbox 834 701 998 760; x_wconf 89' lang='lat' dir='ltr'><strong>interiorem</strong></span> <span class='ocrx_word' id='word_1_48' title='bbox 1020 709 1049 759; x_wconf 91' lang='lat' dir='ltr'><strong>et</strong></span> <span class='ocrx_word' id='word_1_49' title='bbox 1070 701 1206 760; x_wconf 78' lang='lat' dir='ltr'><strong>nariums</strong></span> <span class='ocrx_word' id='word_1_50' title='bbox 1253 691 1254 750; x_wconf 49' lang='lat' dir='ltr'><strong>l</strong></span> 
     </span>
     <span class='ocr_line' id='line_1_7' title="bbox 183 783 1181 864; baseline -0.004 -19"><span class='ocrx_word' id='word_1_51' title='bbox 183 786 287 861; x_wconf 81' lang='lat' dir='ltr'><strong>indita,</strong></span> <span class='ocrx_word' id='word_1_52' title='bbox 310 786 354 844; x_wconf 90' lang='lat' dir='ltr'><strong>sic</strong></span> <span class='ocrx_word' id='word_1_53' title='bbox 380 793 410 844; x_wconf 91' lang='lat' dir='ltr'><strong>et</strong></span> <span class='ocrx_word' id='word_1_54' title='bbox 431 785 553 845; x_wconf 92' lang='lat' dir='ltr'><strong>conlutis</strong></span> <span class='ocrx_word' id='word_1_55' title='bbox 572 785 704 845; x_wconf 75' lang='lat' dir='ltr'>dentibus</span> <span class='ocrx_word' id='word_1_56' title='bbox 728 785 860 864; x_wconf 91' lang='lat' dir='ltr'><strong>prodest.</strong></span> <span class='ocrx_word' id='word_1_57' title='bbox 890 785 1006 845; x_wconf 87' lang='lat' dir='ltr'><strong>nuribus</strong></span> <span class='ocrx_word' id='word_1_58' title='bbox 1022 801 1137 863; x_wconf 88' lang='lat' dir='ltr'><strong>quoque</strong></span> <span class='ocrx_word' id='word_1_59' title='bbox 1152 783 1181 842; x_wconf 91' lang='lat' dir='ltr'><strong>in</strong></span> 
     </span>
     <span class='ocr_line' id='line_1_8' title="bbox 142 866 1254 948; baseline 0 -18"><span class='ocrx_word' id='word_1_60' title='bbox 142 889 174 924; x_wconf 82' lang='lat' dir='ltr'><strong>m</strong></span> <span class='ocrx_word' id='word_1_61' title='bbox 187 868 290 930; x_wconf 91' lang='lat' dir='ltr'><strong>dolore</strong></span> <span class='ocrx_word' id='word_1_62' title='bbox 306 886 393 928; x_wconf 91' lang='lat' dir='ltr'><strong>sucus</strong></span> <span class='ocrx_word' id='word_1_63' title='bbox 409 868 580 948; x_wconf 74' lang='lat' dir='ltr'><strong>infunditur,</strong></span> <span class='ocrx_word' id='word_1_64' title='bbox 597 869 758 946; x_wconf 87' lang='lat' dir='ltr'><strong>custodito,</strong></span> <span class='ocrx_word' id='word_1_65' title='bbox 774 878 804 928; x_wconf 92' lang='lat' dir='ltr'><strong>ut</strong></span> <span class='ocrx_word' id='word_1_66' title='bbox 822 869 959 946; x_wconf 82' lang='lat' dir='ltr'><strong>diximus,</strong></span> <span class='ocrx_word' id='word_1_67' title='bbox 976 868 1111 927; x_wconf 90' lang='lat' dir='ltr'><strong>modoin</strong></span> <span class='ocrx_word' id='word_1_68' title='bbox 1131 866 1181 925; x_wconf 88' lang='lat' dir='ltr'><strong>sil·</strong></span> <span class='ocrx_word' id='word_1_69' title='bbox 1253 925 1254 930; x_wconf 73' lang='grc'>,</span> 
     </span>
     <span class='ocr_line' id='line_1_9' title="bbox 182 941 1254 1032; baseline -0.005 -20"><span class='ocrx_word' id='word_1_70' title='bbox 182 955 289 1030; x_wconf 79' lang='lat' dir='ltr'><strong>vestri,</strong></span> <span class='ocrx_word' id='word_1_71' title='bbox 316 961 416 1013; x_wconf 91' lang='lat' dir='ltr'><strong>contra</strong></span> <span class='ocrx_word' id='word_1_72' title='bbox 436 952 598 1014; x_wconf 70' lang='lat' dir='ltr'><strong>tarditatem</strong></span> <span class='ocrx_word' id='word_1_73' title='bbox 617 955 689 1014; x_wconf 74' lang='lat' dir='ltr'><strong>ve&#39;ro</strong></span> <span class='ocrx_word' id='word_1_74' title='bbox 713 953 880 1032; x_wconf 82' lang='lat' dir='ltr'><strong>sonitusque</strong></span> <span class='ocrx_word' id='word_1_75' title='bbox 902 971 966 1012; x_wconf 92' lang='lat' dir='ltr'><strong>cum</strong></span> <span class='ocrx_word' id='word_1_76' title='bbox 985 969 1111 1013; x_wconf 88' lang='lat' dir='ltr'><strong>rosaceo</strong></span> <span class='ocrx_word' id='word_1_77' title='bbox 1134 947 1183 1009; x_wconf 89' lang='lat' dir='ltr'><strong>vel</strong></span> <span class='ocrx_word' id='word_1_78' title='bbox 1253 941 1254 1008; x_wconf 77' lang='lat' dir='ltr'><strong>l</strong></span> 
     </span>
     <span class='ocr_line' id='line_1_10' title="bbox 143 1035 1183 1116; baseline -0.009 -16"><span class='ocrx_word' id='word_1_79' title='bbox 143 1045 194 1102; x_wconf 81' lang='lat'><strong>138</strong></span> <span class='ocrx_word' id='word_1_80' title='bbox 206 1055 269 1096; x_wconf 91' lang='lat' dir='ltr'><strong>oum</strong></span> <span class='ocrx_word' id='word_1_81' title='bbox 287 1036 388 1096; x_wconf 87' lang='lat' dir='ltr'><strong>laureo</strong></span> <span class='ocrx_word' id='word_1_82' title='bbox 405 1036 472 1096; x_wconf 90' lang='lat' dir='ltr'><strong>oleo</strong></span> <span class='ocrx_word' id='word_1_83' title='bbox 489 1046 538 1097; x_wconf 90' lang='lat' dir='ltr'><strong>aut</strong></span> <span class='ocrx_word' id='word_1_84' title='bbox 552 1038 665 1099; x_wconf 89' lang='lat' dir='ltr'><strong>cumino</strong></span> <span class='ocrx_word' id='word_1_85' title='bbox 683 1045 713 1115; x_wconf 82' lang='lat' dir='ltr'><strong>et</strong></span> <span class='ocrx_word' id='word_1_86' title='bbox 726 1037 823 1098; x_wconf 86' lang='lat' dir='ltr'><strong>melle.</strong></span> <span class='ocrx_word' id='word_1_87' title='bbox 854 1055 942 1097; x_wconf 88' lang='lat' dir='ltr'><strong>sucus</strong></span> <span class='ocrx_word' id='word_1_88' title='bbox 960 1046 989 1096; x_wconf 91' lang='lat' dir='ltr'><strong>et</strong></span> <span class='ocrx_word' id='word_1_89' title='bbox 1003 1035 1183 1116; x_wconf 83' lang='lat' dir='ltr'><strong>phreneticis</strong></span> 
     </span>
     <span class='ocr_line' id='line_1_11' title="bbox 184 1120 1254 1201; baseline -0.001 -21"><span class='ocrx_word' id='word_1_90' title='bbox 184 1139 222 1180; x_wconf 89' lang='lat' dir='ltr'><strong>ex</strong></span> <span class='ocrx_word' id='word_1_91' title='bbox 237 1129 321 1180; x_wconf 91' lang='lat' dir='ltr'><strong>aceto</strong></span> <span class='ocrx_word' id='word_1_92' title='bbox 337 1121 421 1180; x_wconf 89' lang='lat' dir='ltr'><strong>tritae</strong></span> <span class='ocrx_word' id='word_1_93' title='bbox 436 1121 590 1182; x_wconf 88' lang='lat' dir='ltr'><strong>instillatur</strong></span> <span class='ocrx_word' id='word_1_94' title='bbox 603 1124 632 1183; x_wconf 95' lang='lat' dir='ltr'><strong>in</strong></span> <span class='ocrx_word' id='word_1_95' title='bbox 646 1131 778 1201; x_wconf 90' lang='lat' dir='ltr'><strong>tempora</strong></span> <span class='ocrx_word' id='word_1_96' title='bbox 790 1131 818 1182; x_wconf 91' lang='lat' dir='ltr'><strong>et</strong></span> <span class='ocrx_word' id='word_1_97' title='bbox 832 1120 993 1184; x_wconf 87' lang='lat' dir='ltr'><strong>cerebrum.</strong></span> <span class='ocrx_word' id='word_1_98' title='bbox 1015 1120 1186 1180; x_wconf 90' lang='lat' dir='ltr'><strong>adiecerunt</strong></span> <span class='ocrx_word' id='word_1_99' title='bbox 1197 1137 1219 1178; x_wconf 86' lang='lat' dir='ltr'><strong>ro</strong></span> <span class='ocrx_word' id='word_1_100' title='bbox 1253 1161 1254 1198; x_wconf 44' lang='lat' dir='ltr'><strong>p</strong></span> 
     </span>
     <span class='ocr_line' id='line_1_12' title="bbox 184 1202 1254 1284; baseline -0.007 -21"><span class='ocrx_word' id='word_1_101' title='bbox 184 1204 272 1281; x_wconf 79' lang='lat' dir='ltr'><strong>aliqui</strong></span> <span class='ocrx_word' id='word_1_102' title='bbox 288 1213 318 1263; x_wconf 93' lang='lat' dir='ltr'><strong>et</strong></span> <span class='ocrx_word' id='word_1_103' title='bbox 333 1204 493 1282; x_wconf 80' lang='lat' dir='ltr'><strong>serpyllum</strong></span> <span class='ocrx_word' id='word_1_104' title='bbox 509 1215 538 1265; x_wconf 93' lang='lat' dir='ltr'><strong>et</strong></span> <span class='ocrx_word' id='word_1_105' title='bbox 558 1207 667 1266; x_wconf 89' lang='lat' dir='ltr'><strong>laurum</strong></span> <span class='ocrx_word' id='word_1_106' title='bbox 683 1205 836 1265; x_wconf 82' lang='lat' dir='ltr'><strong>inlinentes</strong></span> <span class='ocrx_word' id='word_1_107' title='bbox 851 1206 947 1284; x_wconf 90' lang='lat' dir='ltr'><strong>capita</strong></span> <span class='ocrx_word' id='word_1_108' title='bbox 964 1215 993 1264; x_wconf 87' lang='lat' dir='ltr'><strong>et</strong></span> <span class='ocrx_word' id='word_1_109' title='bbox 1013 1204 1100 1265; x_wconf 90' lang='lat' dir='ltr'><strong>colla.</strong></span> <span class='ocrx_word' id='word_1_110' title='bbox 1133 1202 1186 1262; x_wconf 90' lang='lat' dir='ltr'><strong>de·</strong></span> <span class='ocrx_word' id='word_1_111' title='bbox 1253 1207 1254 1256; x_wconf 76' lang='lat' dir='ltr'><strong>i</strong></span> 
     </span>
     <span class='ocr_line' id='line_1_13' title="bbox 185 1261 1254 1363; baseline -0.003 -16"><span class='ocrx_word' id='word_1_112' title='bbox 185 1285 289 1348; x_wconf 89' lang='lat' dir='ltr'><strong>derunt</strong></span> <span class='ocrx_word' id='word_1_113' title='bbox 309 1297 338 1348; x_wconf 92' lang='lat' dir='ltr'><strong>et</strong></span> <span class='ocrx_word' id='word_1_114' title='bbox 358 1288 527 1363; x_wconf 76' lang='lat' dir='ltr'><strong>lethargicis</strong></span> <span class='ocrx_word' id='word_1_115' title='bbox 549 1306 587 1346; x_wconf 87' lang='lat' dir='ltr'><strong>ex</strong></span> <span class='ocrx_word' id='word_1_116' title='bbox 603 1296 688 1347; x_wconf 92' lang='lat' dir='ltr'><strong>aceto</strong></span> <span class='ocrx_word' id='word_1_117' title='bbox 704 1286 914 1361; x_wconf 81' lang='lat' dir='ltr'><strong>olfaciendum,</strong></span> <span class='ocrx_word' id='word_1_118' title='bbox 932 1288 1071 1348; x_wconf 92' lang='lat' dir='ltr'><strong>dederunt</strong></span> <span class='ocrx_word' id='word_1_119' title='bbox 1089 1284 1119 1346; x_wconf 83' lang='lat' dir='ltr'><strong>ei</strong></span> <span class='ocrx_word' id='word_1_120' title='bbox 1134 1302 1188 1344; x_wconf 91' lang='lat' dir='ltr'><strong>co·</strong></span> <span class='ocrx_word' id='word_1_121' title='bbox 1253 1261 1254 1314; x_wconf 50' lang='lat'>¹</span> 
     </span>
     <span class='ocr_line' id='line_1_14' title="bbox 184 1367 1191 1446; baseline -0.003 -16"><span class='ocrx_word' id='word_1_122' title='bbox 184 1371 339 1432; x_wconf 72' lang='lat' dir='ltr'><strong>initialibus</strong></span> <span class='ocrx_word' id='word_1_123' title='bbox 354 1370 508 1430; x_wconf 89' lang='lat' dir='ltr'><strong>hibendum</strong></span> <span class='ocrx_word' id='word_1_124' title='bbox 523 1369 664 1428; x_wconf 89' lang='lat' dir='ltr'><strong>decoctae</strong></span> <span class='ocrx_word' id='word_1_125' title='bbox 679 1367 777 1428; x_wconf 77' lang='lat' dir='ltr'><strong>sucum</strong></span> <span class='ocrx_word' id='word_1_126' title='bbox 793 1370 821 1427; x_wconf 94' lang='lat' dir='ltr'><strong>in</strong></span> <span class='ocrx_word' id='word_1_127' title='bbox 839 1370 950 1442; x_wconf 89' lang='lat' dir='ltr'><strong>cyathis</strong></span> <span class='ocrx_word' id='word_1_128' title='bbox 964 1378 1099 1446; x_wconf 87' lang='lat' dir='ltr'><strong>quattuor</strong></span> <span class='ocrx_word' id='word_1_129' title='bbox 1117 1377 1191 1429; x_wconf 88' lang='lat' dir='ltr'><strong>ante</strong></span> 
     </span>
     <span class='ocr_line' id='line_1_15' title="bbox 185 1449 1192 1529; baseline -0.004 -15"><span class='ocrx_word' id='word_1_130' title='bbox 185 1456 372 1516; x_wconf 81' lang='lat' dir='ltr'><strong>accessiones</strong></span> <span class='ocrx_word' id='word_1_131' title='bbox 392 1467 511 1529; x_wconf 83' lang='lat' dir='ltr'><strong>quarum</strong></span> <span class='ocrx_word' id='word_1_132' title='bbox 531 1450 622 1526; x_wconf 84' lang='lat' dir='ltr'><strong>frigus</strong></span> <span class='ocrx_word' id='word_1_133' title='bbox 643 1449 827 1509; x_wconf 87' lang='lat' dir='ltr'><strong>intolerabile</strong></span> <span class='ocrx_word' id='word_1_134' title='bbox 843 1459 905 1526; x_wconf 82' lang='lat' dir='ltr'><strong>est,</strong></span> <span class='ocrx_word' id='word_1_135' title='bbox 925 1450 1101 1528; x_wconf 84' lang='lat' dir='ltr'><strong>alsiosisque</strong></span> <span class='ocrx_word' id='word_1_136' title='bbox 1118 1469 1192 1510; x_wconf 91' lang='lat' dir='ltr'><strong>cru-</strong></span> 
     </span>
     <span class='ocr_line' id='line_1_16' title="bbox 144 1532 1224 1612; baseline -0.004 -10"><span class='ocrx_word' id='word_1_137' title='bbox 144 1547 195 1602; x_wconf 80' lang='lat'><strong>139</strong></span> <span class='ocrx_word' id='word_1_138' title='bbox 208 1538 270 1599; x_wconf 88' lang='lat' dir='ltr'><strong>dam</strong></span> <span class='ocrx_word' id='word_1_139' title='bbox 287 1540 316 1598; x_wconf 91' lang='lat' dir='ltr'><strong>in</strong></span> <span class='ocrx_word' id='word_1_140' title='bbox 336 1535 412 1595; x_wconf 89' lang='lat' dir='ltr'><strong>cibo.</strong></span> <span class='ocrx_word' id='word_1_141' title='bbox 448 1535 557 1600; x_wconf 86' lang='lat' dir='ltr'><strong>urinam</strong></span> <span class='ocrx_word' id='word_1_142' title='bbox 572 1550 688 1612; x_wconf 85' lang='lat' dir='ltr'><strong>quoque</strong></span> <span class='ocrx_word' id='word_1_143' title='bbox 703 1532 752 1595; x_wconf 88' lang='lat' dir='ltr'><strong>vel</strong></span> <span class='ocrx_word' id='word_1_144' title='bbox 770 1542 916 1594; x_wconf 86' lang='lat' dir='ltr'><strong>cruentam</strong></span> <span class='ocrx_word' id='word_1_145' title='bbox 936 1534 1037 1612; x_wconf 87' lang='lat' dir='ltr'><strong>pellit,</strong></span> <span class='ocrx_word' id='word_1_146' title='bbox 1062 1534 1193 1595; x_wconf 88' lang='lat' dir='ltr'><strong>iemina·</strong></span> <span class='ocrx_word' id='word_1_147' title='bbox 1205 1559 1224 1598; x_wconf 83' lang='lat' dir='ltr'><strong>c</strong></span> 
     </span>
     <span class='ocr_line' id='line_1_17' title="bbox 185 1616 1192 1697; baseline -0.006 -13"><span class='ocrx_word' id='word_1_148' title='bbox 185 1623 346 1684; x_wconf 75' lang='lat' dir='ltr'><strong>nuncetiam</strong></span> <span class='ocrx_word' id='word_1_149' title='bbox 361 1619 549 1696; x_wconf 83' lang='lat' dir='ltr'><strong>purgationes</strong></span> <span class='ocrx_word' id='word_1_150' title='bbox 564 1616 783 1696; x_wconf 87' lang='lat' dir='ltr'><strong>secundasque,</strong></span> <span class='ocrx_word' id='word_1_151' title='bbox 803 1619 888 1679; x_wconf 91' lang='lat' dir='ltr'><strong>etiam</strong></span> <span class='ocrx_word' id='word_1_152' title='bbox 907 1627 1054 1678; x_wconf 90' lang='lat' dir='ltr'><strong>emortuos</strong></span> <span class='ocrx_word' id='word_1_153' title='bbox 1070 1625 1192 1697; x_wconf 86' lang='lat' dir='ltr'><strong>partus,</strong></span> 
     </span>
     <span class='ocr_line' id='line_1_18' title="bbox 185 1700 1191 1783; baseline -0.007 -16"><span class='ocrx_word' id='word_1_154' title='bbox 185 1715 215 1767; x_wconf 93' lang='lat' dir='ltr'><strong>ut</strong></span> <span class='ocrx_word' id='word_1_155' title='bbox 229 1705 397 1783; x_wconf 89' lang='lat' dir='ltr'><strong>llippocrati</strong></span> <span class='ocrx_word' id='word_1_156' title='bbox 414 1702 543 1780; x_wconf 85' lang='lat' dir='ltr'><strong>videtur,</strong></span> <span class='ocrx_word' id='word_1_157' title='bbox 559 1721 597 1762; x_wconf 87' lang='lat' dir='ltr'><strong>ex</strong></span> <span class='ocrx_word' id='word_1_158' title='bbox 610 1703 677 1762; x_wconf 93' lang='lat' dir='ltr'><strong>vino</strong></span> <span class='ocrx_word' id='word_1_159' title='bbox 693 1701 770 1762; x_wconf 91' lang='lat' dir='ltr'><strong>dulci</strong></span> <span class='ocrx_word' id='word_1_160' title='bbox 785 1704 867 1780; x_wconf 80' lang='lat' dir='ltr'><strong>nigro</strong></span> <span class='ocrx_word' id='word_1_161' title='bbox 883 1711 953 1781; x_wconf 90' lang='lat' dir='ltr'><strong>pota</strong></span> <span class='ocrx_word' id='word_1_162' title='bbox 970 1703 1069 1780; x_wconf 87' lang='lat' dir='ltr'><strong>itaque</strong></span> <span class='ocrx_word' id='word_1_163' title='bbox 1090 1700 1191 1762; x_wconf 90' lang='lat' dir='ltr'><strong>inlita.</strong></span> 
     </span>
     <span class='ocr_line' id='line_1_19' title="bbox 188 1785 1192 1869; baseline -0.006 -19"><span class='ocrx_word' id='word_1_164' title='bbox 188 1798 217 1851; x_wconf 92' lang='lat' dir='ltr'><strong>et</strong></span> <span class='ocrx_word' id='word_1_165' title='bbox 227 1789 376 1850; x_wconf 90' lang='lat' dir='ltr'><strong>volvarum</strong></span> <span class='ocrx_word' id='word_1_166' title='bbox 388 1795 516 1869; x_wconf 77' lang='lat' dir='ltr'><strong>causant</strong></span> <span class='ocrx_word' id='word_1_167' title='bbox 527 1786 625 1846; x_wconf 85' lang='lat' dir='ltr'><strong>sallire</strong></span> <span class='ocrx_word' id='word_1_168' title='bbox 637 1785 725 1846; x_wconf 89' lang='lat' dir='ltr'><strong>iubet.</strong></span> <span class='ocrx_word' id='word_1_169' title='bbox 745 1787 865 1848; x_wconf 86' lang='lat' dir='ltr'><strong>Diocles</strong></span> <span class='ocrx_word' id='word_1_170' title='bbox 878 1794 907 1845; x_wconf 88' lang='lat' dir='ltr'><strong>et</strong></span> <span class='ocrx_word' id='word_1_171' title='bbox 919 1786 1062 1858; x_wconf 86' lang='lat' dir='ltr'><strong>cardiacis</strong></span> <span class='ocrx_word' id='word_1_172' title='bbox 1073 1787 1192 1864; x_wconf 90' lang='lat' dir='ltr'><strong>inponit</strong></span> 
     </span>
     <span class='ocr_line' id='line_1_20' title="bbox 188 1869 1191 1946; baseline -0.004 -12"><span class='ocrx_word' id='word_1_173' title='bbox 188 1892 225 1934; x_wconf 86' lang='lat' dir='ltr'><strong>ex</strong></span> <span class='ocrx_word' id='word_1_174' title='bbox 241 1879 323 1933; x_wconf 92' lang='lat' dir='ltr'><strong>aceto</strong></span> <span class='ocrx_word' id='word_1_175' title='bbox 339 1878 369 1928; x_wconf 90' lang='lat' dir='ltr'><strong>et</strong></span> <span class='ocrx_word' id='word_1_176' title='bbox 383 1869 471 1936; x_wconf 89' lang='lat' dir='ltr'><strong>melle</strong></span> <span class='ocrx_word' id='word_1_177' title='bbox 486 1887 549 1928; x_wconf 90' lang='lat' dir='ltr'><strong>cum</strong></span> <span class='ocrx_word' id='word_1_178' title='bbox 562 1870 653 1930; x_wconf 81' lang='lat' dir='ltr'><strong>farina</strong></span> <span class='ocrx_word' id='word_1_179' title='bbox 669 1869 850 1946; x_wconf 84' lang='lat' dir='ltr'><strong>hordeacea,</strong></span> <span class='ocrx_word' id='word_1_180' title='bbox 870 1879 1016 1930; x_wconf 86' lang='lat' dir='ltr'><strong>et-contra</strong></span> <span class='ocrx_word' id='word_1_181' title='bbox 1030 1869 1117 1930; x_wconf 86' lang='lat' dir='ltr'><strong>fleam</strong></span> <span class='ocrx_word' id='word_1_182' title='bbox 1135 1870 1191 1930; x_wconf 93' lang='lat' dir='ltr'><strong>de·</strong></span> 
     </span>
     <span class='ocr_line' id='line_1_21' title="bbox 188 1952 1254 2025; baseline -0.002 -9"><span class='ocrx_word' id='word_1_183' title='bbox 188 1962 272 2016; x_wconf 87' lang='lat' dir='ltr'><strong>cocta</strong></span> <span class='ocrx_word' id='word_1_184' title='bbox 287 1953 379 2013; x_wconf 84' lang='lat' dir='ltr'><strong>farina</strong></span> <span class='ocrx_word' id='word_1_185' title='bbox 393 1954 422 2013; x_wconf 93' lang='lat' dir='ltr'><strong>in</strong></span> <span class='ocrx_word' id='word_1_186' title='bbox 436 1952 503 2013; x_wconf 89' lang='lat' dir='ltr'><strong>oleo</strong></span> <span class='ocrx_word' id='word_1_187' title='bbox 517 1953 679 2014; x_wconf 84' lang='lat' dir='ltr'><strong>velleribus</strong></span> <span class='ocrx_word' id='word_1_188' title='bbox 694 1953 829 2015; x_wconf 87' lang='lat' dir='ltr'><strong>collecta.</strong></span> <span class='ocrx_word' id='word_1_189' title='bbox 855 1953 937 2025; x_wconf 86' lang='lat' dir='ltr'><strong>multi</strong></span> <span class='ocrx_word' id='word_1_190' title='bbox 952 1969 1023 2014; x_wconf 90' lang='lat' dir='ltr'><strong>vero</strong></span> <span class='ocrx_word' id='word_1_191' title='bbox 1040 1963 1069 2014; x_wconf 87' lang='lat' dir='ltr'><strong>at</strong></span> <span class='ocrx_word' id='word_1_192' title='bbox 1083 1963 1190 2014; x_wconf 91' lang='lat' dir='ltr'><strong>contra</strong></span> <span class='ocrx_word' id='word_1_193' title='bbox 1201 1975 1226 2014; x_wconf 79' lang='lat' dir='ltr'><strong>ro</strong></span> <span class='ocrx_word' id='word_1_194' title='bbox 1253 1967 1254 2006; x_wconf 78' lang='lat' dir='ltr'><strong>l</strong></span> 
     </span>
     <span class='ocr_line' id='line_1_22' title="bbox 91 2035 1254 2116; baseline 0.002 -22"><span class='ocrx_word' id='word_1_195' title='bbox 91 2101 98 2114; x_wconf 38' lang='lat'>¹</span> <span class='ocrx_word' id='word_1_196' title='bbox 186 2035 353 2115; x_wconf 88' lang='lat' dir='ltr'><strong>purulentas</strong></span> <span class='ocrx_word' id='word_1_197' title='bbox 382 2037 602 2106; x_wconf 76' lang='lat' dir='ltr'><strong>exscreationes</strong></span> <span class='ocrx_word' id='word_1_198' title='bbox 633 2039 731 2098; x_wconf 90' lang='lat' dir='ltr'><strong>siccae</strong></span> <span class='ocrx_word' id='word_1_199' title='bbox 757 2037 907 2099; x_wconf 86' lang='lat' dir='ltr'><strong>drachmas</strong></span> <span class='ocrx_word' id='word_1_200' title='bbox 935 2039 1024 2114; x_wconf 83' lang='lat' dir='ltr'><strong>duas,</strong></span> <span class='ocrx_word' id='word_1_201' title='bbox 1055 2037 1192 2116; x_wconf 89' lang='lat' dir='ltr'><strong>sulpuris</strong></span> <span class='ocrx_word' id='word_1_202' title='bbox 1253 2097 1254 2104; x_wconf 18' lang='lat' dir='ltr'><strong>y</strong></span> 
     </span>
     <span class='ocr_line' id='line_1_23' title="bbox 186 2111 1254 2198; baseline 0.001 -19"><span class='ocrx_word' id='word_1_203' title='bbox 186 2129 318 2180; x_wconf 78' lang='lat' dir='ltr'><strong>nnamet</strong></span> <span class='ocrx_word' id='word_1_204' title='bbox 340 2118 482 2182; x_wconf 83' lang='lat' dir='ltr'><strong>dimidiam</strong></span> <span class='ocrx_word' id='word_1_205' title='bbox 505 2122 577 2182; x_wconf 89' lang='lat' dir='ltr'><strong>sumi</strong></span> <span class='ocrx_word' id='word_1_206' title='bbox 598 2130 734 2198; x_wconf 86' lang='lat' dir='ltr'><strong>censent,</strong></span> <span class='ocrx_word' id='word_1_207' title='bbox 760 2130 790 2182; x_wconf 88' lang='lat' dir='ltr'><strong>et</strong></span> <span class='ocrx_word' id='word_1_208' title='bbox 810 2131 910 2182; x_wconf 90' lang='lat' dir='ltr'><strong>contra</strong></span> <span class='ocrx_word' id='word_1_209' title='bbox 932 2130 1066 2182; x_wconf 90' lang='lat' dir='ltr'><strong>cruentas</strong></span> <span class='ocrx_word' id='word_1_210' title='bbox 1086 2137 1192 2181; x_wconf 89' lang='lat' dir='ltr'><strong>ramos</strong></span> <span class='ocrx_word' id='word_1_211' title='bbox 1253 2111 1254 2180; x_wconf 57' lang='grc' dir='ltr'><strong>ἓ</strong></span> 
     </span>
     <span class='ocr_line' id='line_1_24' title="bbox 145 2204 1194 2283; baseline -0.004 -15"><span class='ocrx_word' id='word_1_212' title='bbox 145 2213 199 2268; x_wconf 78' lang='lat'><strong>140</strong></span> <span class='ocrx_word' id='word_1_213' title='bbox 209 2205 261 2264; x_wconf 88' lang='lat' dir='ltr'><strong>tris</strong></span> <span class='ocrx_word' id='word_1_214' title='bbox 283 2204 425 2266; x_wconf 89' lang='lat' dir='ltr'><strong>decoctos</strong></span> <span class='ocrx_word' id='word_1_215' title='bbox 446 2207 475 2265; x_wconf 93' lang='lat' dir='ltr'><strong>in</strong></span> <span class='ocrx_word' id='word_1_216' title='bbox 495 2207 573 2283; x_wconf 85' lang='lat' dir='ltr'><strong>vino.</strong></span> <span class='ocrx_word' id='word_1_217' title='bbox 608 2205 690 2268; x_wconf 88' lang='lat' dir='ltr'><strong>datur</strong></span> <span class='ocrx_word' id='word_1_218' title='bbox 711 2214 741 2266; x_wconf 90' lang='lat' dir='ltr'><strong>et</strong></span> <span class='ocrx_word' id='word_1_219' title='bbox 760 2205 943 2282; x_wconf 75' lang='lat' dir='ltr'><strong>dysintericis</strong></span> <span class='ocrx_word' id='word_1_220' title='bbox 963 2223 1026 2266; x_wconf 92' lang='lat' dir='ltr'><strong>curn</strong></span> <span class='ocrx_word' id='word_1_221' title='bbox 1049 2222 1140 2264; x_wconf 91' lang='lat' dir='ltr'><strong>caseo</strong></span> <span class='ocrx_word' id='word_1_222' title='bbox 1159 2207 1194 2264; x_wconf 94' lang='lat' dir='ltr'><strong>in</strong></span> 
     </span>
     <span class='ocr_line' id='line_1_25' title="bbox 74 2288 1195 2368; baseline -0.001 -19"><span class='ocrx_word' id='word_1_223' title='bbox 74 2334 76 2338; x_wconf 83' lang='lat'>-</span> <span class='ocrx_word' id='word_1_224' title='bbox 187 2291 254 2349; x_wconf 92' lang='lat' dir='ltr'><strong>vino</strong></span> <span class='ocrx_word' id='word_1_225' title='bbox 279 2291 410 2350; x_wconf 88' lang='lat' dir='ltr'><strong>contrita.</strong></span> <span class='ocrx_word' id='word_1_226' title='bbox 445 2289 586 2350; x_wconf 86' lang='lat' dir='ltr'><strong>dederunt</strong></span> <span class='ocrx_word' id='word_1_227' title='bbox 607 2300 636 2350; x_wconf 89' lang='lat' dir='ltr'><strong>et</strong></span> <span class='ocrx_word' id='word_1_228' title='bbox 662 2305 725 2350; x_wconf 89' lang='lat' dir='ltr'><strong>cum</strong></span> <span class='ocrx_word' id='word_1_229' title='bbox 752 2289 889 2349; x_wconf 87' lang='lat' dir='ltr'><strong>bitumine</strong></span> <span class='ocrx_word' id='word_1_230' title='bbox 903 2288 1049 2350; x_wconf 83' lang='lat' dir='ltr'><strong>infriatam</strong></span> <span class='ocrx_word' id='word_1_231' title='bbox 1072 2291 1195 2368; x_wconf 90' lang='lat' dir='ltr'><strong>potioni</strong></span> 
     </span>
     <span class='ocr_line' id='line_1_26' title="bbox 88 2371 1229 2453; baseline 0.001 -21"><span class='ocrx_word' id='word_1_232' title='bbox 88 2404 96 2416; x_wconf 37' lang='lat' dir='ltr'><strong>s</strong></span> <span class='ocrx_word' id='word_1_233' title='bbox 131 2434 134 2439; x_wconf 75' lang='grc'><strong>,</strong></span> <span class='ocrx_word' id='word_1_234' title='bbox 187 2382 309 2453; x_wconf 90' lang='lat' dir='ltr'><strong>propter</strong></span> <span class='ocrx_word' id='word_1_235' title='bbox 327 2373 498 2450; x_wconf 86' lang='lat' dir='ltr'><strong>anhelitum,</strong></span> <span class='ocrx_word' id='word_1_236' title='bbox 521 2391 559 2432; x_wconf 86' lang='lat' dir='ltr'><strong>ex</strong></span> <span class='ocrx_word' id='word_1_237' title='bbox 579 2373 637 2434; x_wconf 88' lang='lat' dir='ltr'><strong>alto</strong></span> <span class='ocrx_word' id='word_1_238' title='bbox 657 2373 747 2450; x_wconf 88' lang='lat' dir='ltr'><strong>lapsis</strong></span> <span class='ocrx_word' id='word_1_239' title='bbox 770 2375 885 2433; x_wconf 85' lang='lat' dir='ltr'><strong>seminis</strong></span> <span class='ocrx_word' id='word_1_240' title='bbox 905 2375 958 2434; x_wconf 87' lang='lat' dir='ltr'><strong>tris</strong></span> <span class='ocrx_word' id='word_1_241' title='bbox 972 2374 1088 2432; x_wconf 88' lang='lat' dir='ltr'><strong>uncias.</strong></span> <span class='ocrx_word' id='word_1_242' title='bbox 1125 2371 1229 2435; x_wconf 76' lang='lat' dir='ltr'><strong>cleias</strong></span> 
     </span>
     <span class='ocr_line' id='line_1_27' title="bbox 112 2453 1197 2536; baseline 0.001 -20"><span class='ocrx_word' id='word_1_243' title='bbox 112 2461 115 2468; x_wconf 81' lang='lat'><em>&#39;</em></span> <span class='ocrx_word' id='word_1_244' title='bbox 188 2457 261 2517; x_wconf 88' lang='lat' dir='ltr'><strong>libra</strong></span> <span class='ocrx_word' id='word_1_245' title='bbox 276 2457 390 2535; x_wconf 84' lang='lat' dir='ltr'><strong>vinique</strong></span> <span class='ocrx_word' id='word_1_246' title='bbox 406 2453 534 2515; x_wconf 79' lang='lat' dir='ltr'><strong>sextario</strong></span> <span class='ocrx_word' id='word_1_247' title='bbox 551 2456 677 2516; x_wconf 90' lang='lat' dir='ltr'><strong>inlinitur</strong></span> <span class='ocrx_word' id='word_1_248' title='bbox 691 2473 753 2515; x_wconf 92' lang='lat' dir='ltr'><strong>cum</strong></span> <span class='ocrx_word' id='word_1_249' title='bbox 771 2458 839 2517; x_wconf 90' lang='lat' dir='ltr'><strong>oleo</strong></span> <span class='ocrx_word' id='word_1_250' title='bbox 855 2456 1038 2518; x_wconf 87' lang='lat' dir='ltr'><strong>coctisfoliis</strong></span> <span class='ocrx_word' id='word_1_251' title='bbox 1052 2457 1197 2536; x_wconf 85' lang='lat' dir='ltr'><strong>partibus</strong></span> 
     </span>
     <span class='ocr_line' id='line_1_28' title="bbox 189 2537 1197 2618; baseline 0.004 -22"><span class='ocrx_word' id='word_1_252' title='bbox 189 2555 260 2617; x_wconf 89' lang='lat' dir='ltr'><strong>quas</strong></span> <span class='ocrx_word' id='word_1_253' title='bbox 275 2537 366 2615; x_wconf 79' lang='lat' dir='ltr'><strong>frigus</strong></span> <span class='ocrx_word' id='word_1_254' title='bbox 383 2537 536 2598; x_wconf 88' lang='lat' dir='ltr'><strong>adusserit.</strong></span> <span class='ocrx_word' id='word_1_255' title='bbox 574 2539 598 2598; x_wconf 91' lang='lat' dir='ltr'><strong>si</strong></span> <span class='ocrx_word' id='word_1_256' title='bbox 611 2540 719 2600; x_wconf 91' lang='lat' dir='ltr'><strong>urinam</strong></span> <span class='ocrx_word' id='word_1_257' title='bbox 739 2550 854 2617; x_wconf 81' lang='lat' dir='ltr'><strong>movet,</strong></span> <span class='ocrx_word' id='word_1_258' title='bbox 869 2549 901 2600; x_wconf 91' lang='lat' dir='ltr'><strong>ut</strong></span> <span class='ocrx_word' id='word_1_259' title='bbox 918 2540 1088 2618; x_wconf 86' lang='lat' dir='ltr'><strong>Hippocrati</strong></span> <span class='ocrx_word' id='word_1_260' title='bbox 1104 2541 1197 2600; x_wconf 85' lang='lat' dir='ltr'><strong>vide-</strong></span> 
     </span>
     <span class='ocr_line' id='line_1_29' title="bbox 189 2622 1199 2703; baseline 0.007 -24"><span class='ocrx_word' id='word_1_261' title='bbox 189 2630 250 2695; x_wconf 84' lang='lat' dir='ltr'><strong>tur,</strong></span> <span class='ocrx_word' id='word_1_262' title='bbox 266 2623 365 2681; x_wconf 90' lang='lat' dir='ltr'><strong>mirum</strong></span> <span class='ocrx_word' id='word_1_263' title='bbox 381 2631 426 2682; x_wconf 87' lang='lat' dir='ltr'><strong>est</strong></span> <span class='ocrx_word' id='word_1_264' title='bbox 442 2622 581 2700; x_wconf 83' lang='lat' dir='ltr'><strong>quosdam</strong></span> <span class='ocrx_word' id='word_1_265' title='bbox 595 2623 664 2684; x_wconf 91' lang='lat' dir='ltr'><strong>dare</strong></span> <span class='ocrx_word' id='word_1_266' title='bbox 680 2624 760 2685; x_wconf 90' lang='lat' dir='ltr'><strong>velut</strong></span> <span class='ocrx_word' id='word_1_267' title='bbox 775 2624 949 2685; x_wconf 91' lang='lat' dir='ltr'><strong>inhibentem</strong></span> <span class='ocrx_word' id='word_1_268' title='bbox 967 2625 1064 2703; x_wconf 83' lang='lat' dir='ltr'><strong>potui,</strong></span> <span class='ocrx_word' id='word_1_269' title='bbox 1083 2633 1199 2686; x_wconf 88' lang='lat' dir='ltr'><strong>contra</strong></span> 
     </span>
     <span class='ocr_line' id='line_1_30' title="bbox 149 2705 1198 2788; baseline 0.007 -26"><span class='ocrx_word' id='word_1_270' title='bbox 149 2705 441 2769; x_wconf 80' lang='lat' dir='ltr'><strong>141incontinentiam</strong></span> <span class='ocrx_word' id='word_1_271' title='bbox 460 2707 569 2788; x_wconf 76' lang='lat' dir='ltr'><strong>upinae.</strong></span> <span class='ocrx_word' id='word_1_272' title='bbox 601 2723 706 2787; x_wconf 87' lang='lat' dir='ltr'><strong>psoras</strong></span> <span class='ocrx_word' id='word_1_273' title='bbox 727 2718 757 2769; x_wconf 93' lang='lat' dir='ltr'><strong>et</strong></span> <span class='ocrx_word' id='word_1_274' title='bbox 778 2709 876 2787; x_wconf 89' lang='lat' dir='ltr'><strong>lepras</strong></span> <span class='ocrx_word' id='word_1_275' title='bbox 898 2726 961 2768; x_wconf 93' lang='lat' dir='ltr'><strong>cum</strong></span> <span class='ocrx_word' id='word_1_276' title='bbox 976 2707 1109 2769; x_wconf 89' lang='lat' dir='ltr'><strong>melleet</strong></span> <span class='ocrx_word' id='word_1_277' title='bbox 1125 2708 1198 2769; x_wconf 90' lang='lat' dir='ltr'><strong>alu·</strong></span> 
     </span>
     <span class='ocr_line' id='line_1_31' title="bbox 188 2787 1233 2870; baseline 0.007 -22"><span class='ocrx_word' id='word_1_278' title='bbox 188 2789 263 2848; x_wconf 93' lang='lat' dir='ltr'><strong>mine</strong></span> <span class='ocrx_word' id='word_1_279' title='bbox 284 2789 363 2851; x_wconf 91' lang='lat' dir='ltr'><strong>inlita</strong></span> <span class='ocrx_word' id='word_1_280' title='bbox 383 2787 530 2867; x_wconf 82' lang='lat' dir='ltr'><strong>emendat,</strong></span> <span class='ocrx_word' id='word_1_281' title='bbox 554 2791 623 2852; x_wconf 86' lang='lat' dir='ltr'><strong>itam</strong></span> <span class='ocrx_word' id='word_1_282' title='bbox 641 2793 814 2870; x_wconf 77' lang='lat' dir='ltr'><strong>vitiligines,</strong></span> <span class='ocrx_word' id='word_1_283' title='bbox 837 2809 992 2867; x_wconf 81' lang='lat' dir='ltr'><strong>verrucas,</strong></span> <span class='ocrx_word' id='word_1_284' title='bbox 1012 2799 1138 2851; x_wconf 89' lang='lat' dir='ltr'><strong>strumas</strong></span> <span class='ocrx_word' id='word_1_285' title='bbox 1163 2803 1233 2859; x_wconf 83' lang='lat' dir='ltr'><strong>etan</strong></span> 
     </span>
     <span class='ocr_line' id='line_1_32' title="bbox 190 2873 1203 2954; baseline 0.007 -22"><span class='ocrx_word' id='word_1_286' title='bbox 190 2873 292 2934; x_wconf 89' lang='lat' dir='ltr'><strong>similia</strong></span> <span class='ocrx_word' id='word_1_287' title='bbox 312 2891 375 2933; x_wconf 89' lang='lat' dir='ltr'><strong>cum</strong></span> <span class='ocrx_word' id='word_1_288' title='bbox 395 2874 516 2949; x_wconf 79' lang='lat' dir='ltr'><strong>trychno</strong></span> <span class='ocrx_word' id='word_1_289' title='bbox 537 2883 567 2934; x_wconf 90' lang='lat' dir='ltr'><strong>et</strong></span> <span class='ocrx_word' id='word_1_290' title='bbox 587 2875 672 2954; x_wconf 89' lang='lat' dir='ltr'><strong>adipe</strong></span> <span class='ocrx_word' id='word_1_291' title='bbox 691 2876 778 2935; x_wconf 89' lang='lat' dir='ltr'><strong>suillo</strong></span> <span class='ocrx_word' id='word_1_292' title='bbox 799 2892 833 2934; x_wconf 94' lang='lat' dir='ltr'><strong>ac</strong></span> <span class='ocrx_word' id='word_1_293' title='bbox 846 2877 959 2936; x_wconf 90' lang='lat' dir='ltr'><strong>taurino</strong></span> <span class='ocrx_word' id='word_1_294' title='bbox 974 2875 1064 2952; x_wconf 87' lang='lat' dir='ltr'><strong>sebo,</strong></span> <span class='ocrx_word' id='word_1_295' title='bbox 1088 2876 1203 2952; x_wconf 79' lang='lat' dir='ltr'><strong>ignem</strong></span> 
     </span>
     <span class='ocr_line' id='line_1_33' title="bbox 190 2957 1200 3037; baseline 0.007 -21"><span class='ocrx_word' id='word_1_296' title='bbox 190 2974 303 3017; x_wconf 87' lang='lat' dir='ltr'><strong>sacrum</strong></span> <span class='ocrx_word' id='word_1_297' title='bbox 317 2966 450 3017; x_wconf 80' lang='lat' dir='ltr'><strong>anaceto</strong></span> <span class='ocrx_word' id='word_1_298' title='bbox 462 2967 491 3017; x_wconf 92' lang='lat' dir='ltr'><strong>et</strong></span> <span class='ocrx_word' id='word_1_299' title='bbox 502 2957 570 3018; x_wconf 87' lang='lat' dir='ltr'><strong>olco</strong></span> <span class='ocrx_word' id='word_1_300' title='bbox 583 2958 631 3018; x_wconf 88' lang='lat' dir='ltr'><strong>vel</strong></span> <span class='ocrx_word' id='word_1_301' title='bbox 643 2957 803 3037; x_wconf 81' lang='lat' dir='ltr'><strong>psimithio,</strong></span> <span class='ocrx_word' id='word_1_302' title='bbox 819 2957 1023 3020; x_wconf 87' lang='lat' dir='ltr'><strong>carbunculum</strong></span> <span class='ocrx_word' id='word_1_303' title='bbox 1034 2957 1200 3023; x_wconf 64' lang='lat' dir='ltr'><strong>ex‘accto.</strong></span> 
     </span>
     <span class='ocr_line' id='line_1_34' title="bbox 190 3040 1254 3142; baseline 0.009 -44"><span class='ocrx_word' id='word_1_304' title='bbox 190 3040 318 3101; x_wconf 91' lang='lat' dir='ltr'><strong>nonnulli</strong></span> <span class='ocrx_word' id='word_1_305' title='bbox 332 3040 515 3119; x_wconf 89' lang='lat' dir='ltr'><strong>laserpicium</strong></span> <span class='ocrx_word' id='word_1_306' title='bbox 535 3057 591 3102; x_wconf 89' lang='lat' dir='ltr'><strong>una</strong></span> <span class='ocrx_word' id='word_1_307' title='bbox 613 3041 692 3102; x_wconf 92' lang='lat' dir='ltr'><strong>inlini</strong></span> <span class='ocrx_word' id='word_1_308' title='bbox 712 3041 825 3116; x_wconf 88' lang='lat' dir='ltr'><strong>iubent,</strong></span> <span class='ocrx_word' id='word_1_309' title='bbox 848 3044 910 3102; x_wconf 88' lang='lat' dir='ltr'><strong>sina</strong></span> <span class='ocrx_word' id='word_1_310' title='bbox 927 3061 985 3121; x_wconf 89' lang='lat' dir='ltr'><strong>quo</strong></span> <span class='ocrx_word' id='word_1_311' title='bbox 1002 3043 1203 3121; x_wconf 85' lang='lat' dir='ltr'><strong>epinyctidas</strong></span> <span class='ocrx_word' id='word_1_312' title='bbox 1253 3071 1254 3142; x_wconf 68' lang='lat' dir='ltr'><strong>p</strong></span> 
     </span>
     <span class='ocr_line' id='line_1_35' title="bbox 114 3123 1254 3210; baseline 0.008 -27"><span class='ocrx_word' id='word_1_313' title='bbox 114 3200 117 3210; x_wconf 85' lang='lat'><em>.</em></span> <span class='ocrx_word' id='word_1_314' title='bbox 192 3123 309 3200; x_wconf 87' lang='lat' dir='ltr'><strong>pusulas</strong></span> <span class='ocrx_word' id='word_1_315' title='bbox 326 3132 432 3184; x_wconf 90' lang='lat' dir='ltr'><strong>curant.</strong></span> <span class='ocrx_word' id='word_1_316' title='bbox 455 3125 593 3203; x_wconf 92' lang='lat' dir='ltr'><strong>inponunt</strong></span> <span class='ocrx_word' id='word_1_317' title='bbox 608 3134 638 3186; x_wconf 87' lang='lat' dir='ltr'><strong>et</strong></span> <span class='ocrx_word' id='word_1_318' title='bbox 652 3126 778 3186; x_wconf 87' lang='lat' dir='ltr'><strong>mammis</strong></span> <span class='ocrx_word' id='word_1_319' title='bbox 788 3125 967 3204; x_wconf 81' lang='lat' dir='ltr'><strong>turgentibus</strong></span> <span class='ocrx_word' id='word_1_320' title='bbox 984 3127 1141 3188; x_wconf 85' lang='lat' dir='ltr'><strong>decoctam</strong></span> <span class='ocrx_word' id='word_1_321' title='bbox 1166 3141 1205 3192; x_wconf 86' lang='lat' dir='ltr'><strong>et</strong></span> <span class='ocrx_word' id='word_1_322' title='bbox 1253 3145 1254 3196; x_wconf 67' lang='lat' dir='ltr'><strong>i</strong></span> 
     </span>
     <span class='ocr_line' id='line_1_36' title="bbox 148 3207 1254 3290; baseline 0.002 -22"><span class='ocrx_word' id='word_1_323' title='bbox 148 3215 200 3270; x_wconf 73' lang='lat'><strong>142</strong></span> <span class='ocrx_word' id='word_1_324' title='bbox 212 3207 330 3284; x_wconf 88' lang='lat' dir='ltr'><strong>pituitae</strong></span> <span class='ocrx_word' id='word_1_325' title='bbox 347 3208 542 3286; x_wconf 88' lang='lat' dir='ltr'><strong>eruptionibus</strong></span> <span class='ocrx_word' id='word_1_326' title='bbox 560 3227 623 3269; x_wconf 91' lang='lat' dir='ltr'><strong>cum</strong></span> <span class='ocrx_word' id='word_1_327' title='bbox 638 3225 717 3282; x_wconf 85' lang='lat' dir='ltr'><strong>cera,</strong></span> <span class='ocrx_word' id='word_1_328' title='bbox 732 3211 845 3269; x_wconf 91' lang='lat' dir='ltr'><strong>testium</strong></span> <span class='ocrx_word' id='word_1_329' title='bbox 863 3225 935 3269; x_wconf 88' lang='lat' dir='ltr'><strong>vero</strong></span> <span class='ocrx_word' id='word_1_330' title='bbox 953 3210 1206 3290; x_wconf 82' lang='lat' dir='ltr'><strong>epiphoriscum</strong></span> <span class='ocrx_word' id='word_1_331' title='bbox 1217 3215 1254 3280; x_wconf 73' lang='lat' dir='ltr'><strong>aa?</strong></span> 
     </span>
     <span class='ocr_line' id='line_1_37' title="bbox 191 3290 1254 3371; baseline 0.018 -25"><span class='ocrx_word' id='word_1_332' title='bbox 191 3290 277 3348; x_wconf 89' lang='lat' dir='ltr'><strong>ramis</strong></span> <span class='ocrx_word' id='word_1_333' title='bbox 295 3290 367 3350; x_wconf 90' lang='lat' dir='ltr'><strong>lauri</strong></span> <span class='ocrx_word' id='word_1_334' title='bbox 390 3293 515 3368; x_wconf 85' lang='lat' dir='ltr'><strong>teneris,</strong></span> <span class='ocrx_word' id='word_1_335' title='bbox 537 3293 610 3353; x_wconf 87' lang='lat' dir='ltr'><strong>adeo</strong></span> <span class='ocrx_word' id='word_1_336' title='bbox 628 3291 768 3371; x_wconf 89' lang='lat' dir='ltr'><strong>peculiari</strong></span> <span class='ocrx_word' id='word_1_337' title='bbox 789 3294 818 3353; x_wconf 92' lang='lat' dir='ltr'><strong>in</strong></span> <span class='ocrx_word' id='word_1_338' title='bbox 835 3293 998 3354; x_wconf 89' lang='lat' dir='ltr'><strong>visceribus</strong></span> <span class='ocrx_word' id='word_1_339' title='bbox 1012 3293 1058 3352; x_wconf 90' lang='lat' dir='ltr'><strong>bis</strong></span> <span class='ocrx_word' id='word_1_340' title='bbox 1075 3294 1207 3361; x_wconf 84' lang='lat' dir='ltr'><strong>ellectu</strong></span> <span class='ocrx_word' id='word_1_341' title='bbox 1253 3355 1254 3364; x_wconf 71' lang='grc'>,</span> 
     </span>
     <span class='ocr_line' id='line_1_38' title="bbox 192 3372 1210 3452; baseline 0.011 -24"><span class='ocrx_word' id='word_1_342' title='bbox 192 3379 222 3428; x_wconf 94' lang='lat' dir='ltr'><strong>ut</strong></span> <span class='ocrx_word' id='word_1_343' title='bbox 248 3372 373 3432; x_wconf 87' lang='lat' dir='ltr'><strong>silvestri</strong></span> <span class='ocrx_word' id='word_1_344' title='bbox 398 3384 462 3435; x_wconf 88' lang='lat' dir='ltr'><strong>ruta</strong></span> <span class='ocrx_word' id='word_1_345' title='bbox 486 3393 549 3434; x_wconf 92' lang='lat' dir='ltr'><strong>cum</strong></span> <span class='ocrx_word' id='word_1_346' title='bbox 566 3377 688 3452; x_wconf 78' lang='lat' dir='ltr'><strong>axungia</strong></span> <span class='ocrx_word' id='word_1_347' title='bbox 709 3378 802 3437; x_wconf 90' lang='lat' dir='ltr'><strong>veteri</strong></span> <span class='ocrx_word' id='word_1_348' title='bbox 824 3377 922 3446; x_wconf 86' lang='lat' dir='ltr'><strong>inlitos</strong></span> <span class='ocrx_word' id='word_1_349' title='bbox 944 3378 1066 3437; x_wconf 88' lang='lat' dir='ltr'><strong>ramices</strong></span> <span class='ocrx_word' id='word_1_350' title='bbox 1088 3386 1210 3446; x_wconf 81' lang='lat' dir='ltr'><strong>sanari</strong></span> 
     </span>
     <span class='ocr_line' id='line_1_39' title="bbox 191 3453 1254 3538; baseline 0.014 -27"><span class='ocrx_word' id='word_1_351' title='bbox 191 3453 324 3532; x_wconf 87' lang='lat' dir='ltr'><strong>prodant.</strong></span> <span class='ocrx_word' id='word_1_352' title='bbox 353 3457 444 3520; x_wconf 81' lang='lat' dir='ltr'><strong>inacta</strong></span> <span class='ocrx_word' id='word_1_353' title='bbox 464 3475 580 3538; x_wconf 85' lang='lat' dir='ltr'><strong>qnoque</strong></span> <span class='ocrx_word' id='word_1_354' title='bbox 600 3459 727 3521; x_wconf 89' lang='lat' dir='ltr'><strong>membra</strong></span> <span class='ocrx_word' id='word_1_355' title='bbox 745 3462 852 3522; x_wconf 86' lang='lat' dir='ltr'><strong>semine</strong></span> <span class='ocrx_word' id='word_1_356' title='bbox 874 3463 943 3523; x_wconf 91' lang='lat' dir='ltr'><strong>trito</strong></span> <span class='ocrx_word' id='word_1_357' title='bbox 964 3479 1026 3522; x_wconf 87' lang='lat' dir='ltr'><strong>cunr</strong></span> <span class='ocrx_word' id='word_1_358' title='bbox 1052 3479 1121 3522; x_wconf 87' lang='lat' dir='ltr'><strong>cera</strong></span> <span class='ocrx_word' id='word_1_359' title='bbox 1151 3467 1210 3530; x_wconf 88' lang='lat' dir='ltr'><strong>in·</strong></span> <span class='ocrx_word' id='word_1_360' title='bbox 1253 3523 1254 3534; x_wconf 69' lang='grc'>,</span> 
     </span>
    </p>
   </div>
   <div class='ocr_carea' id='block_1_3' title="bbox 0 0 1277 3864">
    <p class='ocr_par' dir='ltr' id='par_1_3' title="bbox 0 0 1277 3864">
     <span class='ocr_line' id='line_1_40' title="bbox 0 0 1277 3864; baseline 0 0"><span class='ocrx_word' id='word_1_361' title='bbox 0 0 1277 3864; x_wconf 95' lang='lat' dir='ltr'><strong> </strong></span> 
     </span>
    </p>
   </div>
  </div>
 </body>
</html>
