2534 3866
168 175 225 236 112
514 185 653 232 caurus
669 185 819 234 succuum

121 347 171 406 107
241 335 326 418 (28.)
349 338 477 406 Pistores
493 337 604 398 Romae
618 355 676 398 non
691 327 774 398 luere
789 339 825 400 ad
841 338 988 400 Persicum
998 339 1167 419 iusquebel·

125 451 127 455 ·
163 425 219 483 lum
235 424 316 482 annis
332 422 367 482 ab
383 423 455 482 urbe
474 423 588 482 condita
607 439 697 500 super
718 437 848 483 Dum.
873 424 934 503 'ipsi
951 439 1057 502 >panem
1078 423 1167 486 iacie-

162 507 230 567 bant
247 506 389 586 Quirites,
412 505 619 583 mulierumque
641 506 669 566 id
691 521 765 585 opus
787 514 867 582 erat,
892 508 967 566 sicut
986 510 1071 568 etiam
1092 526 1168 568 nuuc

161 593 190 652 iu
216 591 355 670 plurumis
375 592 510 668 gentium.
553 598 695 669 artoptam
718 590 834 651 Plautus
856 591 986 669 'appellat
1010 593 1038 650 in
1068 591 1168 652 fabula
1265 583 1266 594 ¹

161 694 246 756 quam
261 676 437 736 Aululariam
453 674 587 752 scripsit,
609 690 710 751 magua
727 675 765 733 ob
783 675 812 735 id
830 675 1047 734 concertatione
1071 676 1192 735 erudi-5

120 770 270 826 lostorum
285 779 321 821 an
339 762 364 819 is
379 777 482 818 versus
496 767 604 836 poetae
620 759 657 816 sit
667 756 779 832 illiusp
790 766 958 835 certumque
980 760 1011 818 lit
1027 759 1095 819 Atei
1112 756 1166 820 lla·

162 847 267 924 pitonis
282 845 427 904 sententia
446 859 536 901 cocos
556 851 614 900 tum
634 859 738 920 panem
759 840 930 900 lautioribus
948 859 1079 921 coquere
1096 843 1165 902 soli·

161 939 219 1006 tos,
234 930 420 1008 pistoresque
443 934 550 985 tantum
566 943 619 986 eos
634 927 682 1004 qui
697 925 742 986 iar
760 925 896 1003 pisebaut
911 928 1082 986 nominator.
1111 944 1168 1002 nec

163 1031 252 1073 cocos
267 1027 338 1089 vero
354 1009 499 1070 habebant
516 1011 546 1068 in
562 1011 698 1085 servitiis,
717 1025 830 1087 eosque
852 1024 889 1068 ex
908 1011 1034 1070 macello
1057 1011 1166 1070 condu·
1265 1053 1266 1066 .

162 1097 273 1158 cebant.
296 1092 462 1153 cribrorum
480 1111 587 1171 genera
607 1093 716 1154 Galliae
735 1094 1011 1171 esaetisequorum
1024 1097 1164 1156 invenere
1177 1106 1201 1146 1⁰

160 1175 317 1257 Hispaniae
333 1177 420 1257 elino
437 1179 606 1238 excussoria
621 1187 650 1237 et
666 1176 999 1257 pollinaria,=rlegyptus
1015 1197 1032 1238 e
1050 1195 1164 1258 papyro

159 1272 188 1322 at
210 1281 245 1320 ue
260 1264 355 1321 iunco.
866 1279 868 1284 ¹

120 1355 169 1411 109
190 1281 208 1341 q
238 1345 321 1426 (29.)
335 1347 376 1424 [1]
390 1345 453 1404 Sed
466 1346 540 1404 inter
550 1344 642 1422 prima
657 1343 769 1406 dicatur
781 1353 811 1404 et
821 1336 916 1404 alicae
928 1345 1001 1404 ratio
1013 1356 1164 1423 praestan·

160 1429 286 1490 tissimae
307 1428 588 1506 saluberrimaeque,
607 1445 682 1506 quae
701 1428 795 1505 palma
813 1428 927 1506 frugum
939 1427 1095 1490 indubitata
1108 1429 1163 1490 lta'·

160 1513 216 1573 liae
229 1516 359 1591 contigit.
381 1513 412 1572 lit
427 1514 490 1572 siue
505 1512 592 1572 dubio
604 1521 633 1571 et
643 1513 672 1570 in
684 1511 840 1590 Aegypto,
854 1513 906 1572 sed
916 1512 1066 1578 admodum
1079 1525 1163 1593 sper·
1174 1532 1199 1574 cs

159 1596 270 1674 nenda,
295 1599 323 1656 in
338 1597 420 1657 Italia
434 1614 506 1656 vero
523 1595 651 1674 pluribus
666 1595 757 1672 locis,
779 1597 854 1656 sicut
867 1597 1030 1661 Veronensi
1045 1597 1164 1658 Pisano·

161 1700 217 1761 que
233 1699 315 1760 agro,
328 1683 356 1740 iu
368 1679 522 1759 Campania
535 1689 628 1739 tamen
640 1679 845 1740 laudatissima.
873 1699 992 1758 campus
1007 1690 1054 1740 est
1066 1681 1163 1742 subia-

162 1783 232 1826 cens
254 1766 398 1838 montibus
416 1765 571 1838 nimbosis,
592 1771 671 1822 totus
694 1761 809 1842 quidem
823 1763 914 1844 ΚΒΜ
939 1782 1075 1843 passuum
1098 1767 1161 1844 pla-

119 1852 270 1915 ltonities.
294 1859 372 1908 terra
385 1850 446 1908 eius
460 1855 542 1906 ——ut
554 1849 683 1924 protinus
695 1848 752 1907 soli
764 1857 864 1908 natura
879 1848 1006 1925 dicatur,
1019 1849 1162 1928 pulverea

161 1951 285 2008 summa,
311 1932 431 1991 inferior
457 1931 554 1990 bibula
583 1939 613 1989 ct
640 1932 760 2008 pumicis
791 1933 856 1990 vice
882 1931 1013 1994 fistulosa
1043 1948 1200 2014 qucqueao

159 2051 201 2062 -
216 2018 356 2088 montium
367 2016 452 2093 culpa
471 2016 499 2074 in
515 2014 620 2074 bonum
637 2015 723 2074 cedit.
755 2013 967 2075 crebrosenim
981 2015 1081 2078 imbris
1093 2036 1161 2096 per·

160 2101 238 2159 colat
256 2109 341 2178 atque
357 2100 533 2175 transmittit,
554 2116 608 2157 nec
625 2099 693 2159 dilui
708 2107 756 2157 aut
777 2099 896 2159 madere
917 2099 1009 2160 voluit
1038 2110 1161 2179 propter

159 2185 327 2258 felicitatem
342 2182 488 2257 culturae,
505 2183 607 2243 eadem
622 2191 774 2260 acceptum
785 2199 918 2244 umorem.
930 2183 1016 2244 nullis
1032 2185 1159 2245 lontibus

158 2268 271 2343 reddit,
292 2267 345 2328 sed
366 2275 508 2345 temperat
523 2274 552 2326 et
568 2283 753 2342 concoquens
774 2262 848 2327 intra
866 2285 899 2346 se
915 2269 981 2327 vice
997 2269 1072 2329 furni
1090 2287 1159 2328 con·

117 2361 166 2415 111
175 2355 254 2412 tinet.
295 2352 399 2410 seritur
416 2360 477 2410 toto
499 2365 590 2423 auno,
616 2351 719 2425 panico
744 2351 853 2428 semel,
867 2351 921 2410 bis
945 2351 1032 2413 farre.
1070 2362 1099 2414 et
1118 2363 1200 2414 taes

86 2474 91 2488 ,
158 2451 224 2494 men
243 2452 315 2493 vere
338 2442 456 2510 segetes
479 2449 554 2511 quae
575 2433 789 2509 interquievere
808 2435 927 2494 fundunt
942 2452 1039 2495 rosam
1055 2437 1159 2498 odora·
1265 2489 1266 2500 .

158 2521 261 2579 tiorem
271 2520 371 2577 sativa.
389 2517 462 2576 adeo
473 2525 551 2576 terra
563 2525 620 2574 uon
632 2525 852 2594 cessatparcre,
866 2519 941 2578 undo
953 2520 1042 2596 volgo
1054 2521 1160 2580 dictum

158 2603 224 2680 plus
246 2602 321 2679 apud
339 2598 500 2678 Campanos
523 2601 661 2676 unguenti
679 2617 763 2678 quam
784 2603 858 2679 apud
874 2610 990 2662 ceteros
1006 2603 1065 2664 olei
1084 2603 1158 2664 lieri.
1174 2605 1182 2616 “

157 2678 291 2764 ‘quantum
307 2693 401 2746 autem
415 2687 564 2744 universas
582 2693 673 2743 terras
690 2702 808 2762 campus
823 2682 984 2762 Campanus
1001 2689 1158 2765 antecedit,

159 2777 264 2829 tautum
281 2770 373 2850 ipsum
388 2787 459 2848 pars
475 2769 538 2828 eius
555 2779 629 2846 quae
643 2765 783 2828 Leboriae
798 2777 953 2844 vocantur,
970 2788 1056 2849 quem
1073 2770 1159 2832 Phle-
1169 2787 1199 2830 co
1265 2781 1266 2828 ἕ

159 2871 277 2930 gracum
300 2851 402 2912 Graeci
425 2853 583 2932 appellant.
615 2851 747 2914 liniuntur
761 2850 903 2911 Leboriae
916 2854 962 2913 via
971 2855 1014 2914 'ab
1033 2864 1159 2934 utroque
1265 2847 1266 2854 ἵ

158 2937 250 2998 latere
273 2937 417 2997 consulari
439 2954 513 3015 quae
533 2954 550 2995 a
571 2935 699 2994 Puteolis
719 2944 747 2994 et
773 2951 848 3012 quac
877 2954 893 2996 a
915 2935 1012 2999 Gumis
1031 2936 1161 3019 Capuam

117 3022 261 3084 lluducit.
295 3023 335 3100 [u]
369 3020 452 3080 Alica
470 3021 599 3080 liteuea
620 3037 818 3100 quapscmen
841 3021 1059 3100 appellavimus.
1095 3033 1159 3084 tun·

49 3174 51 3178 .
158 3105 232 3164 ditur
246 3111 365 3182 granum
377 3105 440 3164 eius
456 3107 484 3162 in
497 3104 555 3182 pila
572 3103 684 3180 lignea,
708 3119 744 3161 ne
767 3102 871 3182 lapidis
893 3105 994 3166 duritia
1014 3116 1157 3183 conterat,

158 3188 267 3265 mobili,
284 3198 312 3248 ut
327 3197 423 3250 notum
439 3197 500 3267 est,
516 3188 576 3266 pilo
592 3189 751 3246 vinctorum
766 3189 881 3266 poenali
896 3206 997 3267 opera.
1037 3192 1197 3269 primorias

157 3273 232 3331 inest
247 3275 331 3350 pyxis
351 3273 457 3332 ferrea.
482 3271 613 3332 excussis
629 3270 698 3330 iude
716 3273 818 3331 tunicis
832 3273 934 3331 iterum
948 3274 1049 3334 iisdem
1065 3292 1158 3335 arma·

157 3357 260 3415 mentis
275 3355 376 3416 nudata
392 3356 551 3417 conciditur
561 3353 695 3416 medulla.
723 3357 763 3414 ita
776 3355 845 3414 flunt
854 3355 948 3418 alicae
961 3360 1014 3418 tria
1030 3376 1156 3436 mucra:

158 3442 306 3500 minumum
326 3457 361 3501 ac
387 3441 612 3515 secundarium,
633 3438 850 3514 grandissimum
879 3457 950 3501 vero
981 3441 1157 3520 aphaerema
