2534 3866
79 251 95 280 ο
546 205 576 252 0.
592 205 849 254 permanentem
912 251 915 261 ,

159 369 233 423 ttet
249 357 386 437 quidquid
402 359 495 435 optari
510 357 598 418 debet
614 360 642 417 in
657 375 694 416 eo
709 358 853 418 vocabulo
864 360 1032 420 invenietur.
1055 359 1103 418 illa
1114 366 1184 417 tem·

200 451 320 522 peratae
336 441 485 516 ubertatis,
504 441 553 502 illa
566 441 662 501 mollis
682 440 834 518 lacilisque
849 442 988 517 culturae,
1005 460 1060 502 nec
1075 441 1186 500 madida

200 545 254 586 nec
270 527 379 586 sitiens.
411 524 460 584 illa
475 534 541 603 post
555 540 702 602 vomerem
717 527 877 599 nitescens,
896 527 1008 601 qualern
1024 527 1089 584 lons
1106 526 1185 600 inge·

200 613 311 670 nicrum
334 608 473 668 Homerus
498 609 526 666 in
549 610 633 668 armis
654 626 671 668 a
692 608 747 668 deo
772 608 909 668 caelatam
932 608 1002 668 dixit
1023 607 1186 685 addiditque

151 745 155 759 ,
200 692 365 770 miraculum
386 692 593 769 nigrescentis,
617 693 744 770 quamvis
766 692 849 749 lieret
864 709 901 748 cx
922 709 1002 752 auro.
1035 691 1082 751 illa
1103 709 1208 768 quama

198 786 346 837 recentem
358 776 510 853 exquirunt
521 776 660 854 inprobae
673 774 755 835 alites
768 791 915 833 vomerem
932 777 1101 834 comitantes
1123 791 1186 832 cor·

122 867 125 872 '
156 863 290 939 aevique
305 861 427 919 aratoris
441 859 565 940 vestigia
587 861 649 936 ipsa
668 857 814 918 rodentes.
843 855 989 917 Reddatur
1004 858 1061 918 hec
1076 859 1103 915 in
1119 857 1186 917 loco

199 945 328 1005 luxuriae
341 959 456 1021 quoque
469 943 611 1002 sententia
623 940 731 1000 ltalioa.
750 942 779 998 in
791 942 969 1018 propositum
980 950 1060 1000 certe
1069 938 1186 1016 Cicero,

199 1029 248 1088 lux
280 1026 471 1086 doctrinarum
506 1026 614 1085 altera:
650 1023 822 1098 Meliora,
861 1024 968 1100 inquit,
1001 1033 1187 1100 unguenta

198 1119 282 1171 sunt
304 1127 392 1188 quae
410 1119 543 1182 terram
560 1124 765 1185 quamquae
788 1104 1100 1186 crocumsapiunt.
1130 1108 1220 1174 boeto

199 1195 273 1253 enim
288 1192 385 1252 maluit
401 1193 509 1255 dixisse
525 1208 608 1269 quam
629 1189 810 1253 redolent.
842 1192 880 1250 ita
901 1200 947 1250 est
963 1191 1123 1269 prolecto,
1138 1191 1188 1250 illa

98 1341 100 1346 s
156 1288 190 1344 39
202 1278 257 1337 erit
271 1286 386 1355 optuma
404 1293 477 1353 quae
492 1283 636 1350 unguenta
648 1275 751 1351 sapiet.
780 1274 858 1352 quod
872 1275 898 1332 si
912 1275 1081 1334 admonendi
1093 1292 1189 1334 sumus

76 1363 80 1370 '
198 1361 291 1441 qualis
307 1362 342 1420 sit
357 1369 452 1419 terrae
469 1359 541 1416 odor
554 1357 602 1416 ille
619 1357 667 1434 qui
680 1358 836 1433 quaeritur,
853 1359 991 1434 contingit
1002 1376 1091 1436 saepe
1104 1360 1189 1434 etiam

198 1447 365 1524 quiescente
381 1459 415 1500 ca
430 1440 483 1500 sub
496 1436 729 1515 occasum⁰solis,
742 1442 769 1499 iu
784 1458 841 1518 quo
859 1439 926 1501 loco
942 1459 1026 1502 arcus
1043 1442 1188 1501 caelestes
1226 1478 1229 1482 -

196 1530 335 1589 deiecere
359 1527 454 1603 capita
479 1541 548 1597 sua,
570 1533 600 1583 et
627 1541 690 1582 cum
712 1541 728 1582 a
750 1524 880 1584 siccitate
900 1515 1042 1584 continua'
1053 1525 1190 1584 inmaduit
1200 1546 1220 1584 u

198 1612 299 1672 imbre.
331 1619 397 1669 tunc
414 1609 515 1667 emittit
529 1608 607 1667 illum
621 1625 702 1666 suum
716 1607 832 1667 halitum
848 1609 969 1668 divinum
986 1627 1023 1678 ex
1038 1608 1102 1668 sole
1120 1625 1188 1668 con·

85 1751 87 1756 .
200 1705 330 1773 ceptum,
361 1695 406 1752 cui
429 1692 581 1770 conparari
602 1693 729 1751 suavitas
751 1690 829 1751 nulla
852 1694 953 1770 possit.
982 1693 1007 1750 is
1030 1711 1096 1752 esse
1119 1709 1188 1752 con·

198 1788 275 1837 mota
291 1777 425 1850 debebit,
446 1784 640 1853 repertusque
656 1774 795 1834 nemiuem
811 1775 908 1848 fallet,
926 1793 961 1836 ac
975 1776 1012 1835 de
1024 1785 1101 1836 terra
1114 1777 1190 1834 odor
1255 1839 1256 1844 γ

199 1871 314 1938 optume
336 1858 478 1918 iudicabit.
508 1858 573 1917 talis
594 1858 658 1918 iere
680 1866 724 1916 est
746 1859 774 1917 in
798 1859 949 1920 noualibus
972 1877 1059 1920 caesa
1078 1869 1189 1920 uetere
1255 1849 1256 1890 t

157 1945 272 2010 tosilva
287 1960 361 2019 quae
377 1958 519 2000 consensu
534 1940 674 2001 laudatur.
706 1939 743 2000 lit
758 1943 786 2001 in
803 1942 932 2020 frugibus
954 1943 1068 2020 quidem
1090 1943 1221 2008 feren-ao

198 2027 241 2085 dis
262 2025 361 2084 eadem
388 2033 466 2084 terra
487 2024 584 2084 utilior
606 2025 783 2101 intellegitur
799 2027 930 2104 quotiens
950 2027 1111 2088 intermissa
1128 2029 1189 2087 cul·
1254 2061 1255 2068 κ

198 2119 260 2168 tura
283 2109 406 2186 quievit,
433 2108 510 2187 quod
532 2110 559 2168 in
580 2109 672 2168 vineis
696 2126 752 2167 uon
773 2109 817 2187 ut,
846 2126 940 2186 eoque
962 2118 1007 2168 est
1024 2109 1190 2186 diligentius
1254 2073 1255 2167 l

167 2225 170 2238 =
198 2192 344 2270 eligenda,
361 2210 396 2252 ue
411 2209 481 2253 vera
496 2193 617 2252 exsistat
626 2193 723 2270 opinio
737 2209 834 2252 eorum
848 2195 894 2269 qui
904 2194 958 2250 iam
970 2191 1069 2250 ltaliae
1082 2202 1190 2255 terram

159 2287 192 2340 ll
206 2276 407 2336 existimavere
421 2276 536 2336 lassam.
565 2274 669 2354 Operis
684 2275 797 2353 quidem
813 2273 935 2332 lacultas
949 2275 978 2332 in
993 2275 1056 2334 aliis
1071 2271 1189 2352 generi·
1253 2315 1254 2320 κ

185 2362 253 2420 ‘bus
275 2369 385 2420 constat
407 2369 436 2418 et
454 2360 553 2433 caelo,
579 2376 634 2416 nec
659 2365 757 2433 potest
775 2359 848 2416 arari
874 2366 941 2435 post
965 2357 1062 2417 imbris
1079 2360 1221 2439 eliquans
1253 2359 1254 2429 l

199 2443 337 2502 ubertatis
357 2443 427 2501 vitio
449 2441 633 2514 lentescens,
658 2448 756 2499 contra
776 2441 805 2498 in
824 2440 946 2515 Byzacio
968 2441 1086 2502 Africae
1107 2445 1189 2504 illum

200 2532 321 2584 centena
338 2525 537 2602 quinquagena
552 2523 636 2599 lruge
650 2522 775 2583 fertilem
792 2541 919 2602 eampum
935 2525 1030 2600 nullis,
1040 2545 1115 2586 oum
1131 2531 1188 2588 sie·
1252 2593 1253 2598 γ

200 2625 263 2667 cum
275 2616 330 2682 est,
346 2607 482 2666 arabilem
497 2608 595 2682 tauris,
611 2614 678 2684 post
694 2607 791 2665 imbris
806 2608 856 2666 vili
872 2608 964 2667 asello
980 2618 1009 2668 et
1024 2627 1040 2668 a
1055 2621 1137 2688 parte
1147 2613 1189 2672 al·
1252 2601 1253 2691 l

200 2699 262 2754 tera
273 2690 360 2767 iniugi
375 2707 429 2748 auu
440 2707 585 2751 vomerem
597 2688 725 2750 trahente
737 2691 857 2750 vidimus
870 2692 969 2753 scindi.
990 2700 1096 2752 terram
1112 2697 1189 2754 eninr

201 2783 279 2834 terra
293 2773 455 2853 emendari,
479 2782 508 2833 ut
521 2774 609 2851 aliqui
628 2774 823 2852 praecipiunt,
844 2792 933 2852 super
958 2783 1072 2836 tenuem
1089 2779 1190 2854 pingui
1199 2799 1223 2839 ao

199 2859 304 2918 iniecta
319 2854 367 2918 aut
382 2857 483 2935 gracili
505 2856 660 2932 bibulaque
680 2875 769 2934 super
784 2857 903 2916 umidam
918 2876 953 2918 ac
968 2862 1189 2937 praepinguem,

200 2941 344 3002 dementia
366 2956 475 3019 operae
491 2948 544 3000 est.
578 2940 644 3016 quid
665 2947 762 3018 potest
782 2957 903 3018 sperare
924 2945 972 3018 qui
990 2942 1058 3002 colit
1078 2941 1189 3004 talem?
1251 2927 1252 2954 ¹

160 3033 214 3088 42,
267 3025 296 3086 6.
314 3025 377 3101 (4.)
390 3023 454 3082 Alia
469 3033 514 3096 est
527 3025 600 3082 ratio
619 3041 702 3100 quam
714 3022 874 3084 Britanniae
886 3023 1032 3084 etGalliae
1047 3027 1188 3086 invenere
1250 3019 1251 3074 ἒ

201 3108 296 3168 alendi
317 3124 379 3166 eam
399 3107 477 3183 ipsa,
498 3123 647 3184 geuumue
668 3105 745 3184 quod
764 3117 869 3166 vocant
891 3124 1026 3182 margum.
1051 3112 1188 3188 'spissior

202 3191 317 3250 ubertas
336 3192 363 3248 in
378 3206 412 3249 ea
433 3189 609 3267 intellegitur
627 3199 657 3249 et
677 3189 787 3267 quidam
812 3200 906 3250 terrae
927 3189 1028 3268 adipes
1050 3210 1084 3252 ac
1105 3194 1224 3254 volutos

92 3301 95 3310 ν
203 3273 316 3348 glandia
332 3274 360 3330 in
376 3272 562 3351 corporibus,
583 3273 621 3331 ibi
640 3273 778 3332 densante
796 3291 830 3332 se
851 3273 1052 3348 pinguitudinis
1067 3276 1185 3336 nucleo.
1249 3329 1250 3344 ,

204 3358 233 3415 7.
251 3354 314 3414 Non
327 3357 450 3414 omisere
463 3365 492 3416 et
505 3356 561 3416 boe
570 3355 672 3416 Graeci
684 3369 726 3402 '—
737 3356 803 3434 quid
815 3358 889 3414 enim
901 3358 1094 3434 intemptatum
1105 3357 1188 3420 iltts‘t

201 3471 243 3484 -
258 3438 447 3515 leucargillon
467 3449 571 3500 vocant
594 3438 738 3499 candidam
759 3438 887 3514 argillam
910 3457 965 3518 qua
985 3441 1012 3500 iu
1033 3439 1188 3518 llegan'co
