2534 3866
191 192 231 254 10
521 197 552 250 o.
569 203 665 250 antur
679 169 828 252 saeuum
874 193 877 200 ’

191 376 207 420 1
225 355 427 417 circumcisura
441 358 569 418 sieeatae
583 353 739 418 fideliores.
768 355 888 416 laricem
901 355 930 414 in
943 353 1088 419 maritimis
1099 357 1175 416 navi·

190 440 244 501 bus
262 440 414 500 obnoxiam
428 441 551 502 teredini
566 439 695 516 tradunt,
716 440 867 517 omniaque
881 449 1081 517 praeterquam
1097 439 1175 499 olea-

157 561 165 580 .
190 534 278 585 strum
301 532 331 584 et
352 525 456 585 oleam.
486 523 624 603 quaedam
639 525 713 583 eninr
733 525 763 582 in
781 524 868 599 mari,
890 523 1030 602 quaedam
1048 522 1077 581 iu
1099 531 1176 584 terra

190 609 265 668 vitiis
281 611 498 687 opportuniora

147 701 200 761 ill)
268 694 319 752 41.
346 693 429 791 (Sil.)
453 688 647 751 Infestantium
662 696 794 768 quattuor
810 655 935 768 genera:
963 691 1110 750 teredines
1129 704 1197 749 ea·e

190 777 249 878 pite
271 776 307 836 ad
329 776 490 854 portionem
509 773 679 851 gravissimo
701 772 806 834 rodunt
826 773 968 834 dentibus.
997 773 1052 834 hae
1071 781 1177 832 tantum

189 859 217 922 in
232 859 302 920 mari
316 859 489 933 sentiuntur,
511 874 566 916 neo
582 856 666 916 aliam
682 865 781 934 putant
799 857 959 918 teredinem
975 857 1094 935 proprie
1108 856 1176 916 diei.

189 944 337 1005 terrestris
352 944 443 1002 tineas
458 948 573 1014 vocant,
591 939 729 1001 eulinlbus
744 956 815 1000 vero
831 940 930 1000 similis
948 941 1067 1019 tbripas.
1093 943 1177 1019 qlrar·

188 1035 246 1090 turn
262 1034 307 1087 ett
321 1035 350 1084 et
366 1041 382 1084 e
396 1024 617 1084 vermiculorum
631 1041 752 1100 genere,
770 1032 800 1085 et
815 1041 919 1084 eorum·
928 1023 976 1086 alii
991 1032 1176 1103 putresoeute

190 1127 261 1172 sueo
282 1110 345 1187 ipsa
371 1108 506 1183 materie,
530 1106 581 1168 alli
600 1109 747 1185 pariuntur
767 1108 841 1168 sieut
860 1109 889 1167 in
911 1107 1062 1168 arboribus
1079 1125 1117 1166 ex
1139 1125 1175 1168 eo
1186 1119 1209 1163 11

189 1195 236 1273 qui
252 1200 381 1252 cerastes
399 1200 531 1252 vocatur.
565 1209 629 1252 oum
649 1201 756 1252 tantum
778 1193 867 1252 erosit
885 1201 917 1252 ut
938 1193 1111 1269 circumagat
1132 1209 1176 1268 se,

147 1289 196 1342 111
206 1285 328 1354 generat
341 1276 434 1336 alium.
465 1274 546 1335 liaeo
566 1276 646 1334 nasei
669 1274 802 1354 probibet
824 1278 852 1335 in
873 1275 936 1335 alli-s
952 1274 1127 1350 amaritudo,
1147 1284 1178 1336 ut

189 1375 340 1438 cupresso,
357 1360 385 1418 in
401 1357 465 1419 aliis
479 1359 591 1434 duritia,
607 1367 637 1418 nt
654 1359 743 1420 buxo.
774 1358 887 1421 tradunt
908 1367 937 1418 et
958 1359 1081 1419 abietem
1098 1359 1177 1420 eirea

146 1463 181 1500 ss·
189 1443 413 1522 germinationes
428 1441 634 1503 decorticatam
648 1459 704 1522 qua
719 1442 840 1503 diximus
860 1441 1022 1521 lunaequis
1036 1459 1094 1502 non
1111 1460 1176 1504 eor·

187 1526 288 1604 rumpi.
319 1524 478 1587 Alexandri
497 1524 729 1603 Magaloornltes
745 1525 932 1605 prodiderunt
953 1527 981 1586 in
996 1525 1069 1601 Tylo
1084 1525 1208 1586 1111111115

187 1611 273 1670 maris
288 1607 381 1673 insula
395 1609 515 1670 arbores
536 1627 603 1670 asse
626 1609 784 1689 exquibus
806 1627 896 1670 naras
918 1610 1027 1671 fierent
1044 1627 1115 1688 quas
1134 1621 1176 1670 cc
1254 1649 1255 1656 ι

187 1695 268 1755 anuis
287 1694 413 1755 durantis
436 1695 565 1754 inventas
580 1702 625 1769 et
647 1694 671 1752 si
686 1703 907 1771 11111911111111·Ἰ
920 1696 1110 1772 inoorruptas.
1148 1696 1177 1754 in
1254 1687 1255 1776 J

188 1778 289 1839 eadem
311 1793 378 1838 esse
399 1777 529 1838 lrntieem
551 1774 661 1838 baoulis
690 1785 796 1838 tanturn
821 1779 944 1839 idoneae
966 1775 1175 1854 erassitudinis,

188 1863 295 1924 varium
309 1861 423 1938 tigrium
437 1859 566 1935 maculis,
582 1859 776 1947 ponderosum
792 1871 831 1939 et,
848 1881 910 1923 eum
927 1862 955 1920 in
970 1861 1109 1940 spissiora
1124 1861 1175 1922 de·

60 1999 61 2004 ,
189 1947 274 2018 eldat,
292 1944 355 2003 vitri
372 1945 456 2005 modo
472 1939 613 2020 fragilem.
1183 1955 1208 1996 oo

145 2041 196 2094 111
261 2025 311 2088 42.
336 2025 420 2108 (81.)
447 2026 600 2105 Apadnas
616 2029 754 2090 materiae
772 2029 912 2090 finduntur
928 2028 1041 2107 aliquae
1056 2037 1175 2108 sponte,

188 2111 225 2172 ob
241 2110 269 2172 id
286 2111 434 2172 architecti
449 2129 500 2170 eas
514 2111 580 2172 111111
596 2113 691 2173 inlitas
705 2114 809 2173 sieoari
823 2113 920 2173 iubent
933 2121 964 2172 ut
980 2111 1100 2172 adflatus
1116 2129 1176 2172 non

187 2203 319 2256 noeeant.
342 2195 456 2255 Pondus
472 2197 614 2256 sustinere
628 2197 741 2256 validae
761 2196 852 2272 abies,
870 2196 953 2269 larix,
973 2194 1099 2254 1111111111
1115 2205 1174 2258 tra·
1253 2219 1254 2276 5

187 2296 302 2340 versum
319 2280 443 2358 positae.
467 2279 565 2355 robur,
581 2279 649 2339 olea
661 2280 844 2339 incurrantur
860 2278 1022 2355 ceduntque
1039 2278 1174 2354 ponderi.

187 2361 255 2424 illae
269 2365 426 2422 renituntur
441 2374 496 2422 neo
512 2368 623 2420 temere
638 2363 816 2438 rumpantur,
836 2362 973 2440 priusque
994 2361 1071 2420 oarie
1088 2375 1207 2441 quamue

145 2443 314 2512 moriribus
335 2444 478 2504 deliciunt.
514 2452 542 2502 et
563 2443 674 2520 palmae
697 2442 784 2504 arbor
801 2444 897 2505 valida
917 2477 959 2490 -
978 2445 1007 2504 iu
1027 2445 1175 2507 diversum

186 2529 261 2589 enim
277 2537 466 2588 11111111-
479 2535 508 2588 et
521 2525 657 2604 populus.
687 2534 784 2589 cetera
798 2530 892 2588 omnia
905 2529 934 2587 in
950 2527 1087 2590 inferiora
1102 2547 1174 2606 pan·

186 2613 304 2687 duntur,
328 2609 421 2688 palma
443 2627 480 2668 ex
503 2609 646 2668 contrario
661 2609 832 2671 fornicatim.
864 2612 945 2691 pinus
967 2621 996 2672 et
1016 2629 1175 2690 cupressus

186 2694 325 2754 adversus
356 2694 461 2752 eariem
488 2694 638 2772 lineasque
671 2693 859 2756 firmissimae.
904 2694 1004 2756 1111111
1033 2695 1175 2775 pandatur

185 2775 313 2856 lugiens,
336 2777 404 2836 liunt
426 2777 549 2836 enimet
569 2792 606 2837 en
626 2777 787 2838 eatrabes.
817 2777 912 2855 iraugi
934 2797 967 2838 sa
991 2780 1207 2858 praenuntiata
1252 2781 1253 2850 l

186 2862 308 2939 orepltu,
324 2861 405 2940 quod
418 2862 445 2919 in
463 2860 610 2922 Antandro
625 2860 740 2937 aedidit,
754 2879 817 2921 oum
830 2880 846 2922 e
863 2861 975 2924 balneis
992 2863 1082 2923 territi
1097 2878 1173 2922 sono

144 2953 195 3008 114
206 2945 402 3024 profugerunt.
433 2943 528 3021 Pinus,
542 2944 655 3022 pineae,
668 2943 724 3005 alni
737 2944 772 3004 ad
785 2963 918 3024 aquarum
929 2947 1031 3006 duetus
1045 2944 1172 3008 intubus

187 3037 331 3091 cavantur.
349 3026 468 3086 obrutae
479 3036 556 3087 terra
568 3025 705 3104 plurumis
719 3027 819 3088 durant
832 3030 922 3104 annis,
934 3028 1063 3104 eaedem,
1079 3029 1103 3088 si
1113 3046 1173 3088 non

186 3111 422 3188 integanlnr‚oito
435 3118 599 3186 senescunt,
610 3112 708 3170 mirum
720 3110 748 3170 ln
759 3111 872 3172 modum
886 3112 1034 3188 fortiores,
1050 3111 1075 3172 si
1089 3129 1172 3172 umor

187 3205 267 3254 entra
284 3209 399 3272 quoque
413 3194 547 3272 supersit.
1117 3210 1123 3228 ⁴
1180 3207 1206 3248 ee

144 3287 196 3340 225
260 3275 342 3356 (82.)
376 3274 585 3337 Firmissima‘'
576 3296 604 3337 rn
630 3285 740 3338 reatum
767 3276 866 3352 abies,
897 3270 998 3338 eadem
1022 3277 1172 3338 valvarum
1251 3273 1252 3296 ³

187 3360 299 3438 paginis
320 3369 349 3419 et
366 3358 401 3419 ad
408 3377 617 3460 ⁸quaeeunque
634 3359 722 3420 libeat
745 3361 877 3422 intestina
900 3378 990 3440 opera
1010 3361 1170 3439 aptissima,

187 3443 249 3504 sive
264 3441 415 3504 Graeco
391 3461 453 3503 srva
470 3440 613 3524 Campano
628 3445 690 3504 slve
710 3443 807 3506 Sieulo
825 3442 958 3506 labrieae
972 3445 1041 3504 artis
1058 3459 1172 3521 genere
