2534 3866
183 195 243 258 116
533 202 562 250 c.
580 203 674 251 curru
689 201 838 252 saeuum

94 396 97 404 ‹
181 369 290 422 mautur
307 366 337 418 et
350 355 514 434 grandiora.
544 364 649 434 tepore
668 358 697 416 in
710 355 780 416 lolia
796 364 910 416 exeunt.
942 355 1037 416 Palma
1053 357 1081 414 in
1100 354 1173 416 Nur-

182 440 246 506 s'lno
261 458 332 519 agro
350 439 544 501 nascentibus.
570 440 678 500 tuatio
694 440 722 500 in
736 439 825 499 libras
837 441 964 499 sestertii
979 439 1085 516 singuli
1101 450 1130 500 et
1145 441 1174 500 in

181 527 300 608 penuria
317 524 394 598 bini,
415 538 553 602 proxuma
569 523 597 581 iu
614 521 721 599 Algido
738 524 821 582 natis.
1054 575 1066 588 ,

141 623 192 677 131
245 615 251 624 “
265 609 348 687 (35.)
363 606 438 684 Napi
452 623 523 665 vero
538 605 717 683 Amiternini,
733 623 854 684 quorum
868 605 970 666 eadcnr
984 606 1047 666 lere
1062 616 1171 683 natura,

180 693 306 772 gaudent
329 708 423 768 aeque
445 689 566 767 frigidis.
600 698 733 750 seruntur
748 699 777 749 et
794 699 858 749 ante
881 689 1020 750 kalendas
1044 687 1196 766 blartias,s

156 845 159 854 ¹
181 782 210 838 in
223 780 325 854 iugero
338 775 456 835 sextarii
470 782 612 850 quattuor.
636 774 836 850 diligentiores
851 775 949 851 quinto
966 773 1048 834 sulco
1068 791 1173 853 napum

182 862 241 922 seri
258 858 372 933 iubent,
400 875 470 935 rapa
491 865 610 936 quarto,
638 866 787 934 utrumque
808 862 986 933 stercorato,
1019 873 1089 934 rapa
1114 857 1172 933 lae·

127 981 134 987 -
181 947 256 1018 tiora
278 943 356 1017 fieri,
378 941 404 1000 si
427 957 490 1000 curn
514 941 598 1019 palea
619 941 802 1000 seminentur.
833 957 935 1000 serere
956 940 1060 1000 nudum
1075 939 1174 1001 volunt

78 1045 81 1065 ¹
141 1038 191 1092 lea
201 1035 369 1108 precantem
389 1023 445 1084 sibi
466 1033 495 1084 et
509 1025 611 1085 vicinis
631 1040 731 1085 serere
755 1041 798 1082 se.
833 1023 918 1084 Salus
932 1025 1045 1101 utrique
1071 1025 1174 1100 generi

163 1115 272 1173 ‚iumus
300 1111 374 1170 inter
396 1107 517 1168 ducrum
540 1109 681 1167 numinum
698 1106 761 1166 dies
788 1107 898 1183 festos,
932 1105 1058 1186 Neptuni
1082 1117 1173 1186 utque
1184 1125 1209 1166 ιο

182 1194 314 1256 Volcani.
343 1193 496 1270 feruntque
524 1191 620 1252 subtili
642 1189 864 1267 observatione,
888 1199 975 1269 quota
998 1190 1064 1251 luna
1088 1209 1173 1269 prae·

182 1278 305 1339 cedente
325 1277 420 1336 hieme
442 1277 490 1336 uix
510 1276 601 1352 prima
621 1273 776 1350 ceciderit,
800 1276 824 1333 si
839 1275 958 1335 totidem
976 1273 1109 1334 luminum
1127 1275 1174 1334 die

182 1365 255 1423 intra
268 1360 445 1441 praedictum
460 1359 599 1434 temporis
613 1357 735 1434 spatium
750 1365 897 1433 serantur,
920 1360 990 1416 mire
1007 1360 1173 1437 provenire.

181 1455 314 1508 seruntur
331 1453 361 1504 ct
373 1460 443 1503 vere
459 1441 487 1498 in
503 1440 603 1502 calidis
619 1449 705 1518 atque
720 1440 831 1500 umidis.

142 1540 193 1594 133
266 1531 315 1588 14.
338 1526 420 1604 (36.)
440 1523 549 1603 Lepino
564 1541 633 1583 usus
650 1541 822 1603 proxumus,
844 1542 908 1583 cum
923 1525 959 1584 sit
976 1533 1005 1584 et
1019 1525 1125 1585 homini
1144 1533 1172 1584 ct
1184 1545 1208 1586 as

183 1611 388 1692 quadripedum
412 1608 514 1686 generi
538 1608 660 1684 ungulas
684 1607 799 1668 habenti
821 1609 985 1668 communis.
1018 1607 1173 1668 remedium

183 1698 246 1766 eius
262 1713 299 1756 ne
313 1694 446 1753 metentis
461 1690 551 1768 lugiet
566 1691 743 1766 exsiliendo,
766 1699 796 1750 nt
811 1691 848 1751 ab
865 1690 955 1752 imbre
970 1692 1095 1753 tollatur.
1117 1709 1174 1768 nec

183 1780 269 1841 ullius
295 1793 370 1856 quae
399 1785 512 1836 seratur
541 1783 640 1835 natura
665 1774 790 1835 adsensu
815 1775 1094 1845 terraemirabilicr
1117 1783 1173 1838 est.

184 1864 303 1942 primunr
330 1860 452 1919 omnium
478 1857 584 1918 cotidie
611 1876 674 1917 cum
700 1858 764 1918 sole
792 1859 996 1935 circumagitur
1026 1857 1173 1936 horasque

184 1942 321 2022 agricolis
337 1943 421 2001 etiam
441 1939 538 2000 nubilo
557 1939 742 2003 demonstrat.
771 1951 817 2001 ter
834 1950 988 2020 praeterea
1002 1941 1097 2016 lloret,
1115 1951 1173 2002 ter·
1184 1960 1209 2000 ac
1264 1989 1266 2010 .

67 2027 84 2073 ’-
184 2045 244 2089 ram
271 2033 345 2086 amat
360 2033 494 2104 terraque
511 2026 619 2103 operiri
645 2042 703 2084 oon
728 2025 798 2085 volt.
838 2033 868 2084 et
885 2043 969 2086 unum
986 2025 1043 2086 hoe
1069 2027 1175 2086 seritur

144 2121 195 2176 134
206 2128 263 2170 non
285 2119 375 2170 arato.
407 2109 519 2187 quaerit
538 2126 669 2170 maxume
686 2108 822 2170 sabulosa
836 2118 866 2167 et
882 2110 960 2169 sicca
982 2119 1069 2187 atque
1082 2109 1174 2172 setiam
1265 2097 1266 2162 l

184 2196 336 2269 harenosa,
352 2194 411 2253 coli
426 2194 524 2271 utique
540 2210 598 2254 non
612 2193 682 2252 volt.
707 2193 840 2252 tellurem
852 2192 926 2253 adeo
941 2202 1015 2252 amat
1030 2201 1060 2251 ut
1078 2209 1173 2270 quam·

184 2281 228 2338 vis
243 2278 403 2338 frutectoso
426 2276 490 2337 solo
507 2278 650 2338 coiectum
665 2277 738 2336 inter
757 2275 826 2336 folia
844 2277 1001 2353 veprisque
1017 2275 1054 2336 ad
1069 2286 1175 2336 terram

97 2380 99 2391 ¹
184 2371 279 2422 tamen
304 2361 403 2422 radice
433 2361 592 2438 perveniat.
636 2360 829 2436 pinguescere
856 2360 912 2419 hcc
947 2368 1010 2419 satu
1037 2376 1107 2420 arva
1132 2360 1211 2419 vics

144 2464 202 2507 anu
216 2461 344 2522 ueasque
360 2443 491 2502 diximus.
522 2443 618 2518 itaque
633 2441 707 2502 adeo
722 2459 779 2503 non
794 2451 863 2519 eget
877 2442 942 2502 fimo
958 2452 989 2502 ut
1004 2445 1112 2522 optumi
1132 2443 1174 2502 vi-

187 2543 250 2586 cem
266 2534 482 2604 repraesentet,
506 2525 633 2603 nihilque
647 2525 724 2598 eliud
739 2525 817 2585 nullo
833 2527 968 2605 inpendio
991 2535 1120 2601 constat,
1144 2535 1174 2586 ut

145 2618 194 2672 135
207 2609 284 2688 quod
297 2627 336 2668 ne
354 2609 470 2671 serendi
485 2608 599 2687 quidem
622 2610 716 2685 gratia
730 2626 803 2689 opus
824 2611 861 2670 sit
880 2609 1005 2670 adferre.
1042 2611 1174 2689 protinus

185 2693 290 2753 seritur
317 2710 354 2752 cx
376 2709 463 2768 arvo,
494 2709 528 2773 ac
551 2711 588 2752 ne
616 2692 713 2770 spargi
740 2693 854 2772 quidem
882 2693 1008 2770 postulat
1033 2693 1174 2753 decidens

186 2784 299 2854 sponte.
335 2777 511 2854 primumque
537 2776 660 2835 omniurn
686 2778 806 2852 seritur,
840 2777 1023 2836 novissimum
1049 2776 1172 2853 tollitur,
1183 2795 1211 2836 ao

185 2869 334 2937 utrumque
359 2859 523 2937 Septembri
546 2859 609 2918 lere
631 2877 746 2935 meuse,
777 2861 858 2936 quia,
881 2861 905 2919 si
933 2877 990 2939 non
1016 2863 1174 2920 antecessit

184 2944 322 3018 hiemem,
349 2941 505 3018 frigoribus
528 2941 681 3002 obnoxium
702 2951 754 3002 est.
783 2943 888 3021 inpune
910 2953 1062 3021 praeterea
1084 2946 1172 3019 iacet,
1263 2941 1264 3006 l

142 3063 146 3068 -
186 3028 235 3087 vel
249 3026 417 3086 derelictum
431 3027 530 3099 etiam,
553 3027 576 3085 si
592 3041 648 3086 non
663 3027 791 3104 protinus
805 3028 896 3086 secuti
918 3027 1039 3086 obruant
1053 3027 1171 3104 imbres,

185 3111 220 3172 ab
237 3110 366 3170 omnibus
381 3107 545 3169 animalibus
559 3108 741 3170 amaritudine
755 3127 806 3170 sua
820 3119 924 3185 tutum,
945 3110 1115 3190 plerumque
1130 3121 1171 3172 ta-

184 3211 250 3254 men
265 3193 322 3253 levi
338 3191 419 3252 sulco
431 3194 568 3269 integunt.
595 3211 632 3252 ex
643 3192 777 3253 densiore
790 3202 868 3253 terra
885 3193 1028 3258 rubricam
1039 3213 1170 3256 maxume
1181 3217 1209 3258 ss

185 3285 268 3338 amat.
299 3276 335 3336 ad
354 3275 427 3336 hanc
444 3275 573 3336 alendam
594 3284 659 3354 post
675 3278 787 3338 tertium
808 3275 908 3336 dorem
922 3281 997 3340 verti
1020 3279 1122 3354 debet,
1144 3282 1171 3339 in
1261 3277 1262 3294 ³

186 3359 287 3423 sabulo
302 3368 371 3438 post
391 3359 555 3420 secundum.
587 3367 701 3420 cretosa
716 3369 821 3421 tantum
837 3360 997 3440 limosaque
1013 3363 1072 3422 odit
1091 3373 1120 3422 et
1143 3366 1172 3422 in

144 3451 196 3508 136
207 3443 251 3503 bis
266 3444 477 3521 nonproveuit.
506 3442 679 3516 blaceratum
694 3444 785 3506 calida
798 3461 871 3522 aqua
892 3447 997 3506 homiui
1012 3463 1127 3524 quoque
1143 3447 1172 3506 in
