<?xml version="1.0" encoding="UTF-8"?>
<!DOCTYPE html PUBLIC "-//W3C//DTD XHTML 1.0 Transitional//EN"
    "http://www.w3.org/TR/xhtml1/DTD/xhtml1-transitional.dtd">
<html xmlns="http://www.w3.org/1999/xhtml" xml:lang="en" lang="en">
 <head>
  <title>
</title>
<meta http-equiv="Content-Type" content="text/html;charset=utf-8" />
  <meta name='ocr-system' content='tesseract 3.04.00' />
  <meta name='ocr-capabilities' content='ocr_page ocr_carea ocr_par ocr_line ocrx_word'/>
</head>
<body>
  <div class='ocr_page' id='page_1' title='image "./cplinisecundina23plingoog_0157.png"; bbox 0 0 2534 3866; ppageno 0'>
   <div class='ocr_carea' id='block_1_1' title="bbox 161 185 796 271">
    <p class='ocr_par' dir='ltr' id='par_1_1' title="bbox 161 185 796 271">
     <span class='ocr_line' id='line_1_1' title="bbox 161 185 796 271; baseline -0.019 0"><span class='ocrx_word' id='word_1_1' title='bbox 161 209 221 271; x_wconf 87' lang='lat'><strong>100</strong></span> <span class='ocrx_word' id='word_1_2' title='bbox 321 185 323 192; x_wconf 65' lang='grc'><em>’</em></span> <span class='ocrx_word' id='word_1_3' title='bbox 487 213 517 262; x_wconf 88' lang='lat' dir='ltr'><strong>c.</strong></span> <span class='ocrx_word' id='word_1_4' title='bbox 535 214 631 262; x_wconf 78' lang='lat' dir='ltr'><strong>emm</strong></span> <span class='ocrx_word' id='word_1_5' title='bbox 647 211 796 260; x_wconf 78' lang='lat' dir='ltr'><strong>sacuam</strong></span> 
     </span>
    </p>
   </div>
   <div class='ocr_carea' id='block_1_2' title="bbox 86 365 1264 3553">
    <p class='ocr_par' dir='ltr' id='par_1_2' title="bbox 159 365 1156 533">
     <span class='ocr_line' id='line_1_2' title="bbox 159 365 1156 449; baseline -0.01 -13"><span class='ocrx_word' id='word_1_6' title='bbox 159 383 249 436; x_wconf 90' lang='lat' dir='ltr'><strong>status</strong></span> <span class='ocrx_word' id='word_1_7' title='bbox 264 371 349 449; x_wconf 79' lang='lat' dir='ltr'><strong>Mago</strong></span> <span class='ocrx_word' id='word_1_8' title='bbox 366 371 477 432; x_wconf 87' lang='lat' dir='ltr'><strong>censuit</strong></span> <span class='ocrx_word' id='word_1_9' title='bbox 496 369 554 430; x_wconf 93' lang='lat' dir='ltr'><strong>hoc</strong></span> <span class='ocrx_word' id='word_1_10' title='bbox 576 367 697 429; x_wconf 91' lang='lat' dir='ltr'><strong>exordio</strong></span> <span class='ocrx_word' id='word_1_11' title='bbox 721 373 880 446; x_wconf 83' lang='lat' dir='ltr'><strong>praecepta</strong></span> <span class='ocrx_word' id='word_1_12' title='bbox 899 365 1026 444; x_wconf 89' lang='lat' dir='ltr'><strong>pandere</strong></span> <span class='ocrx_word' id='word_1_13' title='bbox 1044 366 1156 443; x_wconf 78' lang='lat' dir='ltr'><strong>ingres·</strong></span> 
     </span>
     <span class='ocr_line' id='line_1_3' title="bbox 159 448 1155 533; baseline -0.011 -15"><span class='ocrx_word' id='word_1_14' title='bbox 159 477 225 533; x_wconf 89' lang='lat' dir='ltr'><strong>sus,</strong></span> <span class='ocrx_word' id='word_1_15' title='bbox 247 466 388 516; x_wconf 87' lang='lat' dir='ltr'><strong>attamen</strong></span> <span class='ocrx_word' id='word_1_16' title='bbox 404 455 543 532; x_wconf 91' lang='lat' dir='ltr'><strong>adpareat</strong></span> <span class='ocrx_word' id='word_1_17' title='bbox 557 451 756 512; x_wconf 72' lang='lat' dir='ltr'><strong>adsiduitatem</strong></span> <span class='ocrx_word' id='word_1_18' title='bbox 771 450 963 512; x_wconf 88' lang='lat' dir='ltr'><strong>desideratam</strong></span> <span class='ocrx_word' id='word_1_19' title='bbox 976 448 1012 510; x_wconf 91' lang='lat' dir='ltr'><strong>ab</strong></span> <span class='ocrx_word' id='word_1_20' title='bbox 1030 466 1077 509; x_wconf 89' lang='lat' dir='ltr'><strong>eu.</strong></span> <span class='ocrx_word' id='word_1_21' title='bbox 1114 450 1155 528; x_wconf 75' lang='grc'><strong>[4]</strong></span> 
     </span>
    </p>

    <p class='ocr_par' dir='ltr' id='par_1_3' title="bbox 86 533 1180 1040">
     <span class='ocr_line' id='line_1_4' title="bbox 86 533 1156 617; baseline -0.014 -10"><span class='ocrx_word' id='word_1_22' title='bbox 86 551 90 561; x_wconf 92' lang='grc'><strong>’</strong></span> <span class='ocrx_word' id='word_1_23' title='bbox 117 551 153 608; x_wconf 74' lang='grc'><strong>36</strong></span> <span class='ocrx_word' id='word_1_24' title='bbox 164 541 276 602; x_wconf 88' lang='lat' dir='ltr'><strong>Dehinc</strong></span> <span class='ocrx_word' id='word_1_25' title='bbox 294 539 398 617; x_wconf 91' lang='lat' dir='ltr'><strong>peritia</strong></span> <span class='ocrx_word' id='word_1_26' title='bbox 420 538 572 598; x_wconf 79' lang='lat' dir='ltr'><strong>vilicorum</strong></span> <span class='ocrx_word' id='word_1_27' title='bbox 590 536 619 594; x_wconf 89' lang='lat' dir='ltr'><strong>in</strong></span> <span class='ocrx_word' id='word_1_28' title='bbox 634 553 702 596; x_wconf 91' lang='lat' dir='ltr'><strong>cura</strong></span> <span class='ocrx_word' id='word_1_29' title='bbox 726 534 858 596; x_wconf 89' lang='lat' dir='ltr'><strong>habenda</strong></span> <span class='ocrx_word' id='word_1_30' title='bbox 875 543 936 610; x_wconf 89' lang='lat' dir='ltr'><strong>est,</strong></span> <span class='ocrx_word' id='word_1_31' title='bbox 958 533 1105 612; x_wconf 85' lang='lat' dir='ltr'><strong>multaque</strong></span> <span class='ocrx_word' id='word_1_32' title='bbox 1119 533 1156 594; x_wconf 93' lang='lat' dir='ltr'><strong>de</strong></span> 
     </span>
     <span class='ocr_line' id='line_1_5' title="bbox 159 619 1158 701; baseline -0.008 -17"><span class='ocrx_word' id='word_1_33' title='bbox 159 627 204 685; x_wconf 90' lang='lat' dir='ltr'><strong>his</strong></span> <span class='ocrx_word' id='word_1_34' title='bbox 221 621 294 684; x_wconf 81' lang='lat' dir='ltr'><strong>Cato</strong></span> <span class='ocrx_word' id='word_1_35' title='bbox 312 623 473 701; x_wconf 89' lang='lat' dir='ltr'><strong>praecepit.</strong></span> <span class='ocrx_word' id='word_1_36' title='bbox 502 619 586 680; x_wconf 91' lang='lat' dir='ltr'><strong>nobis</strong></span> <span class='ocrx_word' id='word_1_37' title='bbox 603 620 673 678; x_wconf 89' lang='lat' dir='ltr'><strong>satis</strong></span> <span class='ocrx_word' id='word_1_38' title='bbox 694 620 732 678; x_wconf 93' lang='lat' dir='ltr'><strong>sit</strong></span> <span class='ocrx_word' id='word_1_39' title='bbox 752 619 861 680; x_wconf 80' lang='lat' dir='ltr'><strong>dixisse</strong></span> <span class='ocrx_word' id='word_1_40' title='bbox 882 635 965 696; x_wconf 90' lang='lat' dir='ltr'><strong>quam</strong></span> <span class='ocrx_word' id='word_1_41' title='bbox 987 633 1158 695; x_wconf 85' lang='lat' dir='ltr'><strong>proxumum</strong></span> 
     </span>
     <span class='ocr_line' id='line_1_6' title="bbox 160 700 1180 779; baseline -0.006 -11"><span class='ocrx_word' id='word_1_42' title='bbox 160 710 275 768; x_wconf 89' lang='lat' dir='ltr'><strong>domino</strong></span> <span class='ocrx_word' id='word_1_43' title='bbox 302 706 392 767; x_wconf 89' lang='lat' dir='ltr'><strong>corde</strong></span> <span class='ocrx_word' id='word_1_44' title='bbox 407 705 480 766; x_wconf 88' lang='lat' dir='ltr'><strong>esse</strong></span> <span class='ocrx_word' id='word_1_45' title='bbox 499 703 609 764; x_wconf 89' lang='lat' dir='ltr'><strong>debere</strong></span> <span class='ocrx_word' id='word_1_46' title='bbox 627 711 657 761; x_wconf 90' lang='lat' dir='ltr'><strong>et</strong></span> <span class='ocrx_word' id='word_1_47' title='bbox 676 711 773 762; x_wconf 90' lang='lat' dir='ltr'><strong>tamen</strong></span> <span class='ocrx_word' id='word_1_48' title='bbox 792 700 963 779; x_wconf 79' lang='lat' dir='ltr'><strong>sibImatipsi</strong></span> <span class='ocrx_word' id='word_1_49' title='bbox 983 717 1040 760; x_wconf 91' lang='lat' dir='ltr'><strong>non</strong></span> <span class='ocrx_word' id='word_1_50' title='bbox 1054 701 1180 768; x_wconf 81' lang='lat' dir='ltr'><strong>videris</strong></span> 
     </span>
     <span class='ocr_line' id='line_1_7' title="bbox 159 784 1159 866; baseline -0.008 -14"><span class='ocrx_word' id='word_1_51' title='bbox 159 793 218 852; x_wconf 93' lang='lat' dir='ltr'><strong>coli</strong></span> <span class='ocrx_word' id='word_1_52' title='bbox 233 809 300 851; x_wconf 91' lang='lat' dir='ltr'><strong>rura</strong></span> <span class='ocrx_word' id='word_1_53' title='bbox 317 789 353 850; x_wconf 88' lang='lat' dir='ltr'><strong>ab</strong></span> <span class='ocrx_word' id='word_1_54' title='bbox 380 787 534 866; x_wconf 78' lang='lat' dir='ltr'><strong>ergastulis</strong></span> <span class='ocrx_word' id='word_1_55' title='bbox 556 802 721 865; x_wconf 88' lang='lat' dir='ltr'><strong>pessumum</strong></span> <span class='ocrx_word' id='word_1_56' title='bbox 744 794 794 844; x_wconf 90' lang='lat' dir='ltr'><strong>est.</strong></span> <span class='ocrx_word' id='word_1_57' title='bbox 814 795 843 844; x_wconf 89' lang='lat' dir='ltr'><strong>et</strong></span> <span class='ocrx_word' id='word_1_58' title='bbox 868 784 1005 863; x_wconf 91' lang='lat' dir='ltr'><strong>quidquid</strong></span> <span class='ocrx_word' id='word_1_59' title='bbox 1023 786 1115 862; x_wconf 78' lang='lat' dir='ltr'><strong>agitur</strong></span> <span class='ocrx_word' id='word_1_60' title='bbox 1141 802 1159 844; x_wconf 88' lang='lat' dir='ltr'><strong>a</strong></span> 
     </span>
     <span class='ocr_line' id='line_1_8' title="bbox 159 861 1159 953; baseline -0.009 -16"><span class='ocrx_word' id='word_1_61' title='bbox 159 873 389 953; x_wconf 80' lang='lat' dir='ltr'><strong>desperantibus.</strong></span> <span class='ocrx_word' id='word_1_62' title='bbox 415 872 598 932; x_wconf 86' lang='lat' dir='ltr'><strong>temerarium</strong></span> <span class='ocrx_word' id='word_1_63' title='bbox 611 861 743 930; x_wconf 82' lang='lat' dir='ltr'><strong>videatur</strong></span> <span class='ocrx_word' id='word_1_64' title='bbox 760 885 844 928; x_wconf 88' lang='lat' dir='ltr'><strong>unam</strong></span> <span class='ocrx_word' id='word_1_65' title='bbox 859 886 963 930; x_wconf 83' lang='lat' dir='ltr'><strong>uocem</strong></span> <span class='ocrx_word' id='word_1_66' title='bbox 977 871 1159 948; x_wconf 91' lang='lat' dir='ltr'><strong>antiquorum</strong></span> 
     </span>
     <span class='ocr_line' id='line_1_9' title="bbox 160 952 1159 1040; baseline -0.007 -21"><span class='ocrx_word' id='word_1_67' title='bbox 160 960 314 1040; x_wconf 80' lang='lat' dir='ltr'><strong>posuisse,</strong></span> <span class='ocrx_word' id='word_1_68' title='bbox 341 964 370 1015; x_wconf 93' lang='lat' dir='ltr'><strong>et</strong></span> <span class='ocrx_word' id='word_1_69' title='bbox 385 955 517 1016; x_wconf 77' lang='lat' dir='ltr'><strong>fortassis</strong></span> <span class='ocrx_word' id='word_1_70' title='bbox 537 953 708 1021; x_wconf 80' lang='lat' dir='ltr'><strong>incredibile</strong></span> <span class='ocrx_word' id='word_1_71' title='bbox 723 953 837 1031; x_wconf 88' lang='lat' dir='ltr'><strong>penitus</strong></span> <span class='ocrx_word' id='word_1_72' title='bbox 853 955 1034 1013; x_wconf 81' lang='lat' dir='ltr'><strong>aestimetur:</strong></span> <span class='ocrx_word' id='word_1_73' title='bbox 1063 952 1159 1014; x_wconf 86' lang='lat' dir='ltr'><strong>nihil</strong></span> 
     </span>
    </p>

    <p class='ocr_par' dir='ltr' id='par_1_4' title="bbox 117 1031 1264 3553">
     <span class='ocr_line' id='line_1_10' title="bbox 118 1031 1157 1117; baseline -0.012 -10"><span class='ocrx_word' id='word_1_74' title='bbox 118 1045 278 1108; x_wconf 71' lang='lat' dir='ltr'><strong>diutinus</strong></span> <span class='ocrx_word' id='word_1_75' title='bbox 297 1031 478 1117; x_wconf 86' lang='lat' dir='ltr'><strong>expedire</strong></span> <span class='ocrx_word' id='word_1_76' title='bbox 493 1056 593 1117; x_wconf 92' lang='lat' dir='ltr'><strong>quam</strong></span> <span class='ocrx_word' id='word_1_77' title='bbox 607 1055 729 1115; x_wconf 82' lang='lat' dir='ltr'><strong>agrum</strong></span> <span class='ocrx_word' id='word_1_78' title='bbox 743 1046 889 1115; x_wconf 89' lang='lat' dir='ltr'><strong>optume</strong></span> <span class='ocrx_word' id='word_1_79' title='bbox 903 1037 1043 1100; x_wconf 88' lang='lat' dir='ltr'><strong>colere.</strong></span> <span class='ocrx_word' id='word_1_80' title='bbox 1059 1036 1090 1096; x_wconf 88' lang='lat' dir='ltr'><strong>L.</strong></span> <span class='ocrx_word' id='word_1_81' title='bbox 1103 1035 1157 1096; x_wconf 86' lang='lat' dir='ltr'><strong>Ta·</strong></span> 
     </span>
     <span class='ocr_line' id='line_1_11' title="bbox 159 1119 1196 1186; baseline -0.004 0"><span class='ocrx_word' id='word_1_82' title='bbox 159 1129 219 1186; x_wconf 91' lang='lat' dir='ltr'><strong>rius</strong></span> <span class='ocrx_word' id='word_1_83' title='bbox 230 1124 322 1184; x_wconf 77' lang='lat' dir='ltr'><strong>liuius</strong></span> <span class='ocrx_word' id='word_1_84' title='bbox 336 1122 430 1182; x_wconf 80' lang='lat' dir='ltr'><strong>infima</strong></span> <span class='ocrx_word' id='word_1_85' title='bbox 442 1122 577 1184; x_wconf 85' lang='lat' dir='ltr'><strong>natalium</strong></span> <span class='ocrx_word' id='word_1_86' title='bbox 589 1122 747 1183; x_wconf 89' lang='lat' dir='ltr'><strong>humilitate</strong></span> <span class='ocrx_word' id='word_1_87' title='bbox 760 1121 939 1182; x_wconf 85' lang='lat' dir='ltr'><strong>consulatum</strong></span> <span class='ocrx_word' id='word_1_88' title='bbox 952 1121 1068 1181; x_wconf 91' lang='lat' dir='ltr'><strong>militari</strong></span> <span class='ocrx_word' id='word_1_89' title='bbox 1079 1119 1158 1180; x_wconf 92' lang='lat' dir='ltr'><strong>iudu-</strong></span> <span class='ocrx_word' id='word_1_90' title='bbox 1169 1140 1196 1182; x_wconf 89' lang='lat' dir='ltr'><strong>ro</strong></span> 
     </span>
     <span class='ocr_line' id='line_1_12' title="bbox 161 1203 1156 1285; baseline -0.008 -15"><span class='ocrx_word' id='word_1_91' title='bbox 161 1210 229 1270; x_wconf 88' lang='lat' dir='ltr'><strong>stria</strong></span> <span class='ocrx_word' id='word_1_92' title='bbox 243 1207 372 1281; x_wconf 91' lang='lat' dir='ltr'><strong>meritus,</strong></span> <span class='ocrx_word' id='word_1_93' title='bbox 389 1207 607 1285; x_wconf 78' lang='lat' dir='ltr'><strong>antiquaealiae</strong></span> <span class='ocrx_word' id='word_1_94' title='bbox 621 1206 827 1284; x_wconf 80' lang='lat' dir='ltr'><strong>parsimoniae,</strong></span> <span class='ocrx_word' id='word_1_95' title='bbox 843 1207 961 1268; x_wconf 77' lang='lat' dir='ltr'><strong>circiter</strong></span> <span class='ocrx_word' id='word_1_96' title='bbox 972 1205 1084 1265; x_wconf 88' lang='lat' dir='ltr'><strong>miliens</strong></span> <span class='ocrx_word' id='word_1_97' title='bbox 1099 1203 1156 1264; x_wconf 90' lang='lat' dir='ltr'><strong>llS.</strong></span> 
     </span>
     <span class='ocr_line' id='line_1_13' title="bbox 160 1288 1158 1366; baseline -0.006 -13"><span class='ocrx_word' id='word_1_98' title='bbox 160 1290 334 1353; x_wconf 89' lang='lat' dir='ltr'><strong>liberalitate</strong></span> <span class='ocrx_word' id='word_1_99' title='bbox 351 1290 409 1351; x_wconf 91' lang='lat' dir='ltr'><strong>divi</strong></span> <span class='ocrx_word' id='word_1_100' title='bbox 423 1288 546 1366; x_wconf 78' lang='lat' dir='ltr'><strong>Augusti</strong></span> <span class='ocrx_word' id='word_1_101' title='bbox 562 1298 731 1366; x_wconf 82' lang='lat' dir='ltr'><strong>congestum</strong></span> <span class='ocrx_word' id='word_1_102' title='bbox 747 1305 839 1366; x_wconf 90' lang='lat' dir='ltr'><strong>usque</strong></span> <span class='ocrx_word' id='word_1_103' title='bbox 863 1289 900 1349; x_wconf 91' lang='lat' dir='ltr'><strong>ad</strong></span> <span class='ocrx_word' id='word_1_104' title='bbox 920 1290 1158 1350; x_wconf 84' lang='lat' dir='ltr'><strong>detractationem</strong></span> 
     </span>
     <span class='ocr_line' id='line_1_14' title="bbox 160 1373 1158 1451; baseline -0.004 -15"><span class='ocrx_word' id='word_1_105' title='bbox 160 1374 278 1436; x_wconf 89' lang='lat' dir='ltr'><strong>heredis</strong></span> <span class='ocrx_word' id='word_1_106' title='bbox 294 1373 427 1434; x_wconf 84' lang='lat' dir='ltr'><strong>exhausit</strong></span> <span class='ocrx_word' id='word_1_107' title='bbox 451 1390 540 1450; x_wconf 84' lang='lat' dir='ltr'><strong>agros</strong></span> <span class='ocrx_word' id='word_1_108' title='bbox 565 1374 593 1433; x_wconf 92' lang='lat' dir='ltr'><strong>in</strong></span> <span class='ocrx_word' id='word_1_109' title='bbox 618 1373 725 1433; x_wconf 88' lang='lat' dir='ltr'><strong>Piceno</strong></span> <span class='ocrx_word' id='word_1_110' title='bbox 745 1373 907 1434; x_wconf 90' lang='lat' dir='ltr'><strong>coemendo</strong></span> <span class='ocrx_word' id='word_1_111' title='bbox 930 1373 1113 1451; x_wconf 87' lang='lat' dir='ltr'><strong>colendoque</strong></span> <span class='ocrx_word' id='word_1_112' title='bbox 1130 1375 1158 1432; x_wconf 94' lang='lat' dir='ltr'><strong>in</strong></span> 
     </span>
     <span class='ocr_line' id='line_1_15' title="bbox 159 1453 1157 1536; baseline 0.002 -20"><span class='ocrx_word' id='word_1_113' title='bbox 159 1459 293 1536; x_wconf 71' lang='lat' dir='ltr'><strong>gloriam.</strong></span> <span class='ocrx_word' id='word_1_114' title='bbox 331 1457 549 1520; x_wconf 86' lang='lat' dir='ltr'><strong>internicionem</strong></span> <span class='ocrx_word' id='word_1_115' title='bbox 572 1475 646 1535; x_wconf 77' lang='lat' dir='ltr'><strong>ergo</strong></span> <span class='ocrx_word' id='word_1_116' title='bbox 668 1457 829 1535; x_wconf 83' lang='lat' dir='ltr'><strong>famemque</strong></span> <span class='ocrx_word' id='word_1_117' title='bbox 856 1453 1030 1518; x_wconf 79' lang='lat' dir='ltr'><strong>censemus?</strong></span> <span class='ocrx_word' id='word_1_118' title='bbox 1061 1458 1157 1533; x_wconf 88' lang='lat' dir='ltr'><strong>immo,</strong></span> 
     </span>
     <span class='ocr_line' id='line_1_16' title="bbox 117 1539 1195 1616; baseline -0.005 -8"><span class='ocrx_word' id='word_1_119' title='bbox 117 1541 313 1616; x_wconf 56' lang='lat' dir='ltr'><strong>&amp;herculea</strong></span> <span class='ocrx_word' id='word_1_120' title='bbox 329 1542 443 1603; x_wconf 90' lang='lat' dir='ltr'><strong>modurn</strong></span> <span class='ocrx_word' id='word_1_121' title='bbox 463 1541 588 1602; x_wconf 91' lang='lat' dir='ltr'><strong>iudicem</strong></span> <span class='ocrx_word' id='word_1_122' title='bbox 608 1559 705 1602; x_wconf 90' lang='lat' dir='ltr'><strong>rerum</strong></span> <span class='ocrx_word' id='word_1_123' title='bbox 726 1543 849 1602; x_wconf 90' lang='lat' dir='ltr'><strong>omnium</strong></span> <span class='ocrx_word' id='word_1_124' title='bbox 862 1541 1049 1602; x_wconf 86' lang='lat' dir='ltr'><strong>utilissimum.</strong></span> <span class='ocrx_word' id='word_1_125' title='bbox 1080 1539 1156 1600; x_wconf 94' lang='lat' dir='ltr'><strong>bene</strong></span> <span class='ocrx_word' id='word_1_126' title='bbox 1169 1562 1195 1603; x_wconf 84' lang='lat' dir='ltr'><strong>rs</strong></span> 
     </span>
     <span class='ocr_line' id='line_1_17' title="bbox 162 1626 1159 1704; baseline -0.006 -14"><span class='ocrx_word' id='word_1_127' title='bbox 162 1626 263 1690; x_wconf 90' lang='lat' dir='ltr'><strong>colere</strong></span> <span class='ocrx_word' id='word_1_128' title='bbox 289 1626 486 1686; x_wconf 88' lang='lat' dir='ltr'><strong>necessarium</strong></span> <span class='ocrx_word' id='word_1_129' title='bbox 512 1635 574 1702; x_wconf 88' lang='lat' dir='ltr'><strong>est,</strong></span> <span class='ocrx_word' id='word_1_130' title='bbox 606 1634 723 1704; x_wconf 89' lang='lat' dir='ltr'><strong>optume</strong></span> <span class='ocrx_word' id='word_1_131' title='bbox 750 1626 925 1686; x_wconf 89' lang='lat' dir='ltr'><strong>damnosum.</strong></span> <span class='ocrx_word' id='word_1_132' title='bbox 956 1633 1159 1703; x_wconf 86' lang='lat' dir='ltr'><strong>praeterquam</strong></span> 
     </span>
     <span class='ocr_line' id='line_1_18' title="bbox 163 1709 1158 1788; baseline -0.003 -17"><span class='ocrx_word' id='word_1_133' title='bbox 163 1710 283 1786; x_wconf 88' lang='lat' dir='ltr'><strong>subole,</strong></span> <span class='ocrx_word' id='word_1_134' title='bbox 310 1727 362 1773; x_wconf 92' lang='lat' dir='ltr'><strong>suo</strong></span> <span class='ocrx_word' id='word_1_135' title='bbox 391 1710 497 1770; x_wconf 91' lang='lat' dir='ltr'><strong>colono</strong></span> <span class='ocrx_word' id='word_1_136' title='bbox 523 1719 571 1770; x_wconf 89' lang='lat' dir='ltr'><strong>aut</strong></span> <span class='ocrx_word' id='word_1_137' title='bbox 594 1710 748 1788; x_wconf 90' lang='lat' dir='ltr'><strong>pascendis</strong></span> <span class='ocrx_word' id='word_1_138' title='bbox 773 1710 883 1788; x_wconf 84' lang='lat' dir='ltr'><strong>alioqui</strong></span> <span class='ocrx_word' id='word_1_139' title='bbox 906 1709 1021 1770; x_wconf 86' lang='lat' dir='ltr'><strong>colente</strong></span> <span class='ocrx_word' id='word_1_140' title='bbox 1043 1710 1158 1769; x_wconf 84' lang='lat' dir='ltr'><strong>donnino</strong></span> 
     </span>
     <span class='ocr_line' id='line_1_19' title="bbox 162 1793 1159 1873; baseline -0.002 -19"><span class='ocrx_word' id='word_1_141' title='bbox 162 1795 274 1873; x_wconf 88' lang='lat' dir='ltr'><strong>aliquas</strong></span> <span class='ocrx_word' id='word_1_142' title='bbox 291 1795 394 1854; x_wconf 88' lang='lat' dir='ltr'><strong>messis</strong></span> <span class='ocrx_word' id='word_1_143' title='bbox 419 1793 560 1870; x_wconf 82' lang='lat' dir='ltr'><strong>colligere</strong></span> <span class='ocrx_word' id='word_1_144' title='bbox 581 1811 638 1853; x_wconf 91' lang='lat' dir='ltr'><strong>non</strong></span> <span class='ocrx_word' id='word_1_145' title='bbox 658 1793 792 1871; x_wconf 87' lang='lat' dir='ltr'><strong>expedit,</strong></span> <span class='ocrx_word' id='word_1_146' title='bbox 820 1796 845 1855; x_wconf 92' lang='lat' dir='ltr'><strong>si</strong></span> <span class='ocrx_word' id='word_1_147' title='bbox 866 1802 1037 1873; x_wconf 90' lang='lat' dir='ltr'><strong>conputetur</strong></span> <span class='ocrx_word' id='word_1_148' title='bbox 1058 1795 1159 1871; x_wconf 92' lang='lat' dir='ltr'><strong>inpen-</strong></span> 
     </span>
     <span class='ocr_line' id='line_1_20' title="bbox 162 1877 1158 1956; baseline -0.004 -16"><span class='ocrx_word' id='word_1_149' title='bbox 162 1879 236 1940; x_wconf 87' lang='lat' dir='ltr'><strong>diuni</strong></span> <span class='ocrx_word' id='word_1_150' title='bbox 254 1894 380 1955; x_wconf 88' lang='lat' dir='ltr'><strong>operae,</strong></span> <span class='ocrx_word' id='word_1_151' title='bbox 408 1895 463 1936; x_wconf 89' lang='lat' dir='ltr'><strong>nec</strong></span> <span class='ocrx_word' id='word_1_152' title='bbox 478 1886 588 1938; x_wconf 87' lang='lat' dir='ltr'><strong>temere</strong></span> <span class='ocrx_word' id='word_1_153' title='bbox 604 1877 724 1953; x_wconf 86' lang='lat' dir='ltr'><strong>olivam,</strong></span> <span class='ocrx_word' id='word_1_154' title='bbox 754 1897 809 1938; x_wconf 90' lang='lat' dir='ltr'><strong>nec</strong></span> <span class='ocrx_word' id='word_1_155' title='bbox 826 1878 964 1956; x_wconf 90' lang='lat' dir='ltr'><strong>quasdam</strong></span> <span class='ocrx_word' id='word_1_156' title='bbox 978 1886 1071 1938; x_wconf 89' lang='lat' dir='ltr'><strong>terras</strong></span> <span class='ocrx_word' id='word_1_157' title='bbox 1095 1877 1158 1938; x_wconf 93' lang='lat' dir='ltr'><strong>dili·</strong></span> 
     </span>
     <span class='ocr_line' id='line_1_21' title="bbox 162 1960 1194 2040; baseline -0.004 -19"><span class='ocrx_word' id='word_1_158' title='bbox 162 1971 266 2038; x_wconf 78' lang='lat' dir='ltr'><strong>genter</strong></span> <span class='ocrx_word' id='word_1_159' title='bbox 282 1960 393 2034; x_wconf 91' lang='lat' dir='ltr'><strong>colere,</strong></span> <span class='ocrx_word' id='word_1_160' title='bbox 412 1961 487 2020; x_wconf 89' lang='lat' dir='ltr'><strong>sicut</strong></span> <span class='ocrx_word' id='word_1_161' title='bbox 503 1962 531 2020; x_wconf 92' lang='lat' dir='ltr'><strong>in</strong></span> <span class='ocrx_word' id='word_1_162' title='bbox 544 1961 642 2022; x_wconf 88' lang='lat' dir='ltr'><strong>Sicilia</strong></span> <span class='ocrx_word' id='word_1_163' title='bbox 657 1961 780 2038; x_wconf 87' lang='lat' dir='ltr'><strong>tradunt,</strong></span> <span class='ocrx_word' id='word_1_164' title='bbox 795 1963 893 2039; x_wconf 90' lang='lat' dir='ltr'><strong>itaque</strong></span> <span class='ocrx_word' id='word_1_165' title='bbox 908 1962 1005 2040; x_wconf 90' lang='lat' dir='ltr'><strong>decipi</strong></span> <span class='ocrx_word' id='word_1_166' title='bbox 1020 1961 1156 2022; x_wconf 86' lang='lat' dir='ltr'><strong>advenas.</strong></span> <span class='ocrx_word' id='word_1_167' title='bbox 1166 1977 1194 2018; x_wconf 83' lang='lat' dir='ltr'><strong>no</strong></span> 
     </span>
     <span class='ocr_line' id='line_1_22' title="bbox 119 2041 1157 2123; baseline -0.004 -15"><span class='ocrx_word' id='word_1_168' title='bbox 119 2052 155 2108; x_wconf 78' lang='lat'><strong>39</strong></span> <span class='ocrx_word' id='word_1_169' title='bbox 225 2041 604 2123; x_wconf 58' lang='lat' dir='ltr'><strong>(animumanimum</strong></span> <span class='ocrx_word' id='word_1_170' title='bbox 632 2045 717 2106; x_wconf 90' lang='lat' dir='ltr'><strong>modo</strong></span> <span class='ocrx_word' id='word_1_171' title='bbox 743 2045 893 2109; x_wconf 86' lang='lat' dir='ltr'><strong>utilissime</strong></span> <span class='ocrx_word' id='word_1_172' title='bbox 919 2045 1052 2106; x_wconf 88' lang='lat' dir='ltr'><strong>colentur</strong></span> <span class='ocrx_word' id='word_1_173' title='bbox 1074 2042 1157 2122; x_wconf 81' lang='lat' dir='ltr'><strong>agri?</strong></span> 
     </span>
     <span class='ocr_line' id='line_1_23' title="bbox 163 2127 1158 2210; baseline 0.002 -24"><span class='ocrx_word' id='word_1_174' title='bbox 163 2145 201 2186; x_wconf 84' lang='lat' dir='ltr'><strong>ex</strong></span> <span class='ocrx_word' id='word_1_175' title='bbox 215 2127 333 2204; x_wconf 87' lang='lat' dir='ltr'><strong>oraculo</strong></span> <span class='ocrx_word' id='word_1_176' title='bbox 355 2128 483 2188; x_wconf 87' lang='lat' dir='ltr'><strong>scilicet:</strong></span> <span class='ocrx_word' id='word_1_177' title='bbox 497 2128 610 2210; x_wconf 80' lang='lat' dir='ltr'><strong>prelis</strong></span> <span class='ocrx_word' id='word_1_178' title='bbox 632 2130 746 2190; x_wconf 90' lang='lat' dir='ltr'><strong>bonis.</strong></span> <span class='ocrx_word' id='word_1_179' title='bbox 772 2129 827 2192; x_wconf 89' lang='lat' dir='ltr'><strong>sed</strong></span> <span class='ocrx_word' id='word_1_180' title='bbox 843 2130 960 2190; x_wconf 80' lang='lat' dir='ltr'><strong>delendi</strong></span> <span class='ocrx_word' id='word_1_181' title='bbox 973 2147 1097 2207; x_wconf 88' lang='lat' dir='ltr'><strong>aequom</strong></span> <span class='ocrx_word' id='word_1_182' title='bbox 1112 2138 1158 2188; x_wconf 90' lang='lat' dir='ltr'><strong>est</strong></span> 
     </span>
     <span class='ocr_line' id='line_1_24' title="bbox 162 2209 1158 2293; baseline 0.002 -23"><span class='ocrx_word' id='word_1_183' title='bbox 162 2209 271 2272; x_wconf 87' lang='lat' dir='ltr'><strong>abavus</strong></span> <span class='ocrx_word' id='word_1_184' title='bbox 293 2213 342 2290; x_wconf 94' lang='lat' dir='ltr'><strong>qui</strong></span> <span class='ocrx_word' id='word_1_185' title='bbox 361 2214 526 2290; x_wconf 88' lang='lat' dir='ltr'><strong>praeceptis</strong></span> <span class='ocrx_word' id='word_1_186' title='bbox 547 2214 606 2273; x_wconf 89' lang='lat' dir='ltr'><strong>suis</strong></span> <span class='ocrx_word' id='word_1_187' title='bbox 627 2228 809 2292; x_wconf 85' lang='lat' dir='ltr'><strong>prospexere</strong></span> <span class='ocrx_word' id='word_1_188' title='bbox 825 2215 911 2274; x_wconf 90' lang='lat' dir='ltr'><strong>vitae.</strong></span> <span class='ocrx_word' id='word_1_189' title='bbox 954 2231 1077 2293; x_wconf 89' lang='lat' dir='ltr'><strong>namque</strong></span> <span class='ocrx_word' id='word_1_190' title='bbox 1093 2231 1158 2273; x_wconf 90' lang='lat' dir='ltr'><strong>eum</strong></span> 
     </span>
     <span class='ocr_line' id='line_1_25' title="bbox 163 2294 1157 2375; baseline 0.002 -21"><span class='ocrx_word' id='word_1_191' title='bbox 163 2294 294 2355; x_wconf 88' lang='lat' dir='ltr'><strong>dicerent</strong></span> <span class='ocrx_word' id='word_1_192' title='bbox 322 2295 441 2371; x_wconf 88' lang='lat' dir='ltr'><strong>malis,</strong></span> <span class='ocrx_word' id='word_1_193' title='bbox 467 2295 642 2375; x_wconf 77' lang='lat' dir='ltr'><strong>intellegere</strong></span> <span class='ocrx_word' id='word_1_194' title='bbox 667 2297 789 2356; x_wconf 89' lang='lat' dir='ltr'><strong>voluere</strong></span> <span class='ocrx_word' id='word_1_195' title='bbox 818 2298 984 2358; x_wconf 86' lang='lat' dir='ltr'><strong>vilissimos.</strong></span> <span class='ocrx_word' id='word_1_196' title='bbox 1019 2315 1157 2359; x_wconf 87' lang='lat' dir='ltr'><strong>sumtuum</strong></span> 
     </span>
     <span class='ocr_line' id='line_1_26' title="bbox 163 2378 1193 2460; baseline 0.004 -22"><span class='ocrx_word' id='word_1_197' title='bbox 163 2379 362 2458; x_wconf 87' lang='lat' dir='ltr'><strong>providentiae</strong></span> <span class='ocrx_word' id='word_1_198' title='bbox 385 2378 499 2439; x_wconf 90' lang='lat' dir='ltr'><strong>illorum</strong></span> <span class='ocrx_word' id='word_1_199' title='bbox 521 2380 574 2440; x_wconf 82' lang='lat' dir='ltr'><strong>fuit</strong></span> <span class='ocrx_word' id='word_1_200' title='bbox 595 2389 626 2438; x_wconf 93' lang='lat' dir='ltr'><strong>ut</strong></span> <span class='ocrx_word' id='word_1_201' title='bbox 651 2397 733 2458; x_wconf 84' lang='lat' dir='ltr'><strong>quam</strong></span> <span class='ocrx_word' id='word_1_202' title='bbox 754 2381 904 2441; x_wconf 84' lang='lat' dir='ltr'><strong>minumum</strong></span> <span class='ocrx_word' id='word_1_203' title='bbox 927 2391 1008 2442; x_wconf 87' lang='lat' dir='ltr'><strong>esset</strong></span> <span class='ocrx_word' id='word_1_204' title='bbox 1030 2383 1156 2460; x_wconf 90' lang='lat' dir='ltr'><strong>inpendi.</strong></span> <span class='ocrx_word' id='word_1_205' title='bbox 1166 2401 1193 2442; x_wconf 80' lang='lat' dir='ltr'><strong>as</strong></span> 
     </span>
     <span class='ocr_line' id='line_1_27' title="bbox 163 2459 1158 2542; baseline 0.005 -21"><span class='ocrx_word' id='word_1_206' title='bbox 163 2459 384 2540; x_wconf 90' lang='lat' dir='ltr'><strong>praecipiebant</strong></span> <span class='ocrx_word' id='word_1_207' title='bbox 399 2462 473 2542; x_wconf 86' lang='lat' dir='ltr'><strong>enim</strong></span> <span class='ocrx_word' id='word_1_208' title='bbox 495 2463 549 2522; x_wconf 89' lang='lat' dir='ltr'><strong>ista</strong></span> <span class='ocrx_word' id='word_1_209' title='bbox 565 2462 612 2540; x_wconf 91' lang='lat' dir='ltr'><strong>qui</strong></span> <span class='ocrx_word' id='word_1_210' title='bbox 629 2463 816 2541; x_wconf 86' lang='lat' dir='ltr'><strong>triumphales</strong></span> <span class='ocrx_word' id='word_1_211' title='bbox 832 2465 922 2525; x_wconf 89' lang='lat' dir='ltr'><strong>denas</strong></span> <span class='ocrx_word' id='word_1_212' title='bbox 936 2468 1049 2542; x_wconf 79' lang='lat' dir='ltr'><strong>argenti</strong></span> <span class='ocrx_word' id='word_1_213' title='bbox 1069 2463 1158 2526; x_wconf 75' lang='lat' dir='ltr'><strong>libras</strong></span> 
     </span>
     <span class='ocr_line' id='line_1_28' title="bbox 163 2543 1157 2629; baseline 0.006 -25"><span class='ocrx_word' id='word_1_214' title='bbox 163 2547 193 2604; x_wconf 92' lang='lat' dir='ltr'><strong>in</strong></span> <span class='ocrx_word' id='word_1_215' title='bbox 213 2543 397 2620; x_wconf 90' lang='lat' dir='ltr'><strong>supellectile</strong></span> <span class='ocrx_word' id='word_1_216' title='bbox 414 2545 523 2604; x_wconf 86' lang='lat' dir='ltr'><strong>crimini</strong></span> <span class='ocrx_word' id='word_1_217' title='bbox 543 2545 661 2621; x_wconf 87' lang='lat' dir='ltr'><strong>dabant,</strong></span> <span class='ocrx_word' id='word_1_218' title='bbox 688 2548 735 2624; x_wconf 91' lang='lat' dir='ltr'><strong>qui</strong></span> <span class='ocrx_word' id='word_1_219' title='bbox 753 2557 865 2609; x_wconf 89' lang='lat' dir='ltr'><strong>mortuo</strong></span> <span class='ocrx_word' id='word_1_220' title='bbox 886 2549 973 2610; x_wconf 84' lang='lat' dir='ltr'><strong>vilico</strong></span> <span class='ocrx_word' id='word_1_221' title='bbox 990 2550 1157 2629; x_wconf 86' lang='lat' dir='ltr'><strong>relinquere</strong></span> 
     </span>
     <span class='ocr_line' id='line_1_29' title="bbox 164 2627 1264 2712; baseline 0.009 -27"><span class='ocrx_word' id='word_1_222' title='bbox 164 2627 301 2686; x_wconf 90' lang='lat' dir='ltr'><strong>victorias</strong></span> <span class='ocrx_word' id='word_1_223' title='bbox 316 2634 345 2685; x_wconf 88' lang='lat' dir='ltr'><strong>ct</strong></span> <span class='ocrx_word' id='word_1_224' title='bbox 358 2629 466 2688; x_wconf 87' lang='lat' dir='ltr'><strong>reverti</strong></span> <span class='ocrx_word' id='word_1_225' title='bbox 480 2629 587 2691; x_wconf 80' lang='lat' dir='ltr'><strong>inaura</strong></span> <span class='ocrx_word' id='word_1_226' title='bbox 602 2647 653 2690; x_wconf 87' lang='lat' dir='ltr'><strong>sua</strong></span> <span class='ocrx_word' id='word_1_227' title='bbox 668 2631 868 2709; x_wconf 85' lang='lat' dir='ltr'><strong>postulabant,</strong></span> <span class='ocrx_word' id='word_1_228' title='bbox 895 2651 1016 2712; x_wconf 89' lang='lat' dir='ltr'><strong>quorum</strong></span> <span class='ocrx_word' id='word_1_229' title='bbox 1037 2634 1159 2694; x_wconf 87' lang='lat' dir='ltr'><strong>heredia</strong></span> <span class='ocrx_word' id='word_1_230' title='bbox 1263 2659 1264 2704; x_wconf 77' lang='lat' dir='ltr'><strong>t</strong></span> 
     </span>
     <span class='ocr_line' id='line_1_30' title="bbox 163 2709 1264 2795; baseline 0.009 -26"><span class='ocrx_word' id='word_1_231' title='bbox 163 2709 288 2770; x_wconf 89' lang='lat' dir='ltr'><strong>colenda</strong></span> <span class='ocrx_word' id='word_1_232' title='bbox 302 2711 478 2790; x_wconf 89' lang='lat' dir='ltr'><strong>suscipiebat</strong></span> <span class='ocrx_word' id='word_1_233' title='bbox 498 2731 547 2772; x_wconf 89' lang='lat' dir='ltr'><strong>res</strong></span> <span class='ocrx_word' id='word_1_234' title='bbox 563 2713 692 2792; x_wconf 87' lang='lat' dir='ltr'><strong>publica,</strong></span> <span class='ocrx_word' id='word_1_235' title='bbox 705 2751 707 2758; x_wconf 83' lang='lat'><em>·</em></span> <span class='ocrx_word' id='word_1_236' title='bbox 720 2717 924 2795; x_wconf 86' lang='lat' dir='ltr'><strong>exercitusque</strong></span> <span class='ocrx_word' id='word_1_237' title='bbox 945 2718 1089 2779; x_wconf 90' lang='lat' dir='ltr'><strong>ducebant</strong></span> <span class='ocrx_word' id='word_1_238' title='bbox 1111 2737 1157 2778; x_wconf 89' lang='lat' dir='ltr'><strong>se·</strong></span> <span class='ocrx_word' id='word_1_239' title='bbox 1263 2731 1264 2739; x_wconf 74' lang='grc'>’</span> 
     </span>
     <span class='ocr_line' id='line_1_31' title="bbox 123 2794 1194 2881; baseline -0.001 -23"><span class='ocrx_word' id='word_1_240' title='bbox 123 2801 230 2858; x_wconf 83' lang='lat' dir='ltr'><strong>40nutu</strong></span> <span class='ocrx_word' id='word_1_241' title='bbox 264 2794 320 2854; x_wconf 92' lang='lat' dir='ltr'><strong>illis</strong></span> <span class='ocrx_word' id='word_1_242' title='bbox 347 2795 493 2856; x_wconf 84' lang='lat' dir='ltr'><strong>vilicunte.</strong></span> <span class='ocrx_word' id='word_1_243' title='bbox 538 2796 607 2858; x_wconf 91' lang='lat' dir='ltr'><strong>lude</strong></span> <span class='ocrx_word' id='word_1_244' title='bbox 630 2797 681 2859; x_wconf 91' lang='lat' dir='ltr'><strong>illa</strong></span> <span class='ocrx_word' id='word_1_245' title='bbox 704 2800 817 2878; x_wconf 89' lang='lat' dir='ltr'><strong>reliqua</strong></span> <span class='ocrx_word' id='word_1_246' title='bbox 835 2801 975 2862; x_wconf 84' lang='lat' dir='ltr'><strong>oracula:</strong></span> <span class='ocrx_word' id='word_1_247' title='bbox 1003 2816 1194 2881; x_wconf 79' lang='lat' dir='ltr'><strong>nequamus</strong></span> 
     </span>
     <span class='ocr_line' id='line_1_32' title="bbox 164 2878 1158 2964; baseline 0.007 -25"><span class='ocrx_word' id='word_1_248' title='bbox 164 2878 370 2955; x_wconf 79' lang='lat' dir='ltr'><strong>agricolam</strong></span> <span class='ocrx_word' id='word_1_249' title='bbox 392 2897 476 2939; x_wconf 91' lang='lat' dir='ltr'><strong>esse</strong></span> <span class='ocrx_word' id='word_1_250' title='bbox 499 2882 669 2958; x_wconf 92' lang='lat' dir='ltr'><strong>quisquis</strong></span> <span class='ocrx_word' id='word_1_251' title='bbox 685 2893 824 2943; x_wconf 89' lang='lat' dir='ltr'><strong>emeret</strong></span> <span class='ocrx_word' id='word_1_252' title='bbox 840 2884 934 2962; x_wconf 94' lang='lat' dir='ltr'><strong>quod</strong></span> <span class='ocrx_word' id='word_1_253' title='bbox 952 2895 1158 2964; x_wconf 89' lang='lat' dir='ltr'><strong>praestare</strong></span> 
     </span>
     <span class='ocr_line' id='line_1_33' title="bbox 165 2961 1226 3048; baseline 0.006 -26"><span class='ocrx_word' id='word_1_254' title='bbox 165 2963 199 3022; x_wconf 90' lang='lat' dir='ltr'><strong>ei</strong></span> <span class='ocrx_word' id='word_1_255' title='bbox 223 2961 351 3022; x_wconf 85' lang='lat' dir='ltr'><strong>iuudus</strong></span> <span class='ocrx_word' id='word_1_256' title='bbox 376 2972 523 3040; x_wconf 86' lang='lat' dir='ltr'><strong>po&#39;sset,</strong></span> <span class='ocrx_word' id='word_1_257' title='bbox 548 2965 677 3025; x_wconf 86' lang='lat' dir='ltr'><strong>malum</strong></span> <span class='ocrx_word' id='word_1_258' title='bbox 703 2975 839 3044; x_wconf 90' lang='lat' dir='ltr'><strong>patrem</strong></span> <span class='ocrx_word' id='word_1_259' title='bbox 867 2969 1029 3032; x_wconf 79' lang='lat' dir='ltr'><strong>familias</strong></span> <span class='ocrx_word' id='word_1_260' title='bbox 1054 2972 1156 3048; x_wconf 94' lang='lat' dir='ltr'><strong>quis·</strong></span> <span class='ocrx_word' id='word_1_261' title='bbox 1220 3013 1226 3028; x_wconf 58' lang='lat'><strong>,</strong></span> 
     </span>
     <span class='ocr_line' id='line_1_34' title="bbox 165 3045 1158 3132; baseline 0.01 -28"><span class='ocrx_word' id='word_1_262' title='bbox 165 3047 248 3122; x_wconf 91' lang='lat' dir='ltr'><strong>quis</strong></span> <span class='ocrx_word' id='word_1_263' title='bbox 269 3045 431 3106; x_wconf 91' lang='lat' dir='ltr'><strong>interdiu</strong></span> <span class='ocrx_word' id='word_1_264' title='bbox 453 3046 599 3107; x_wconf 87' lang='lat' dir='ltr'><strong>iaceret</strong></span> <span class='ocrx_word' id='word_1_265' title='bbox 614 3049 707 3128; x_wconf 92' lang='lat' dir='ltr'><strong>quod</strong></span> <span class='ocrx_word' id='word_1_266' title='bbox 727 3060 838 3112; x_wconf 89' lang='lat' dir='ltr'><strong>noctu</strong></span> <span class='ocrx_word' id='word_1_267' title='bbox 857 3062 1005 3132; x_wconf 86' lang='lat' dir='ltr'><strong>posset,</strong></span> <span class='ocrx_word' id='word_1_268' title='bbox 1035 3056 1107 3114; x_wconf 90' lang='lat' dir='ltr'><strong>nisi</strong></span> <span class='ocrx_word' id='word_1_269' title='bbox 1122 3057 1158 3113; x_wconf 90' lang='lat' dir='ltr'><strong>in</strong></span> 
     </span>
     <span class='ocr_line' id='line_1_35' title="bbox 164 3129 1157 3214; baseline 0.01 -27"><span class='ocrx_word' id='word_1_270' title='bbox 164 3137 395 3207; x_wconf 87' lang='lat' dir='ltr'><strong>tempestate</strong></span> <span class='ocrx_word' id='word_1_271' title='bbox 416 3129 530 3205; x_wconf 88' lang='lat' dir='ltr'><strong>caeli,</strong></span> <span class='ocrx_word' id='word_1_272' title='bbox 553 3134 714 3210; x_wconf 85' lang='lat' dir='ltr'><strong>peiorem</strong></span> <span class='ocrx_word' id='word_1_273' title='bbox 737 3135 796 3211; x_wconf 91' lang='lat' dir='ltr'><strong>qui</strong></span> <span class='ocrx_word' id='word_1_274' title='bbox 820 3137 1002 3214; x_wconf 90' lang='lat' dir='ltr'><strong>proiestis</strong></span> <span class='ocrx_word' id='word_1_275' title='bbox 1023 3139 1157 3198; x_wconf 87' lang='lat' dir='ltr'><strong>diebus</strong></span> 
     </span>
     <span class='ocr_line' id='line_1_36' title="bbox 165 3212 1193 3300; baseline 0.012 -30"><span class='ocrx_word' id='word_1_276' title='bbox 165 3221 298 3288; x_wconf 77' lang='lat' dir='ltr'><strong>ageret</strong></span> <span class='ocrx_word' id='word_1_277' title='bbox 314 3212 409 3291; x_wconf 94' lang='lat' dir='ltr'><strong>quod</strong></span> <span class='ocrx_word' id='word_1_278' title='bbox 430 3214 769 3293; x_wconf 71' lang='lat' dir='ltr'><strong>leniatisdcberet,</strong></span> <span class='ocrx_word' id='word_1_279' title='bbox 798 3224 1075 3300; x_wconf 90' lang='lat' dir='ltr'><strong>pessumumqui</strong></span> <span class='ocrx_word' id='word_1_280' title='bbox 1097 3239 1193 3282; x_wconf 85' lang='lat' dir='ltr'><strong>se-aa</strong></span> 
     </span>
     <span class='ocr_line' id='line_1_37' title="bbox 164 3296 1158 3384; baseline 0.013 -32"><span class='ocrx_word' id='word_1_281' title='bbox 164 3311 254 3354; x_wconf 91' lang='lat' dir='ltr'><strong>reno</strong></span> <span class='ocrx_word' id='word_1_282' title='bbox 285 3296 342 3358; x_wconf 91' lang='lat' dir='ltr'><strong>die</strong></span> <span class='ocrx_word' id='word_1_283' title='bbox 369 3297 432 3358; x_wconf 90' lang='lat' dir='ltr'><strong>sub</strong></span> <span class='ocrx_word' id='word_1_284' title='bbox 462 3305 562 3358; x_wconf 92' lang='lat' dir='ltr'><strong>tecto</strong></span> <span class='ocrx_word' id='word_1_285' title='bbox 581 3302 724 3380; x_wconf 48' lang='lat' dir='ltr'><strong>xpotius</strong></span> <span class='ocrx_word' id='word_1_286' title='bbox 754 3314 976 3380; x_wconf 86' lang='lat' dir='ltr'><strong>operaretur</strong></span> <span class='ocrx_word' id='word_1_287' title='bbox 999 3322 1100 3384; x_wconf 90' lang='lat' dir='ltr'><strong>quam</strong></span> <span class='ocrx_word' id='word_1_288' title='bbox 1121 3307 1158 3365; x_wconf 93' lang='lat' dir='ltr'><strong>iu</strong></span> 
     </span>
     <span class='ocr_line' id='line_1_38' title="bbox 124 3379 1156 3465; baseline 0.011 -26"><span class='ocrx_word' id='word_1_289' title='bbox 124 3386 264 3454; x_wconf 71' lang='lat' dir='ltr'><strong>stagno.</strong></span> <span class='ocrx_word' id='word_1_290' title='bbox 294 3380 334 3458; x_wconf 75' lang='lat' dir='ltr'><strong>[a]</strong></span> <span class='ocrx_word' id='word_1_291' title='bbox 352 3379 473 3461; x_wconf 89' lang='lat' dir='ltr'><strong>Nequeo</strong></span> <span class='ocrx_word' id='word_1_292' title='bbox 492 3383 559 3443; x_wconf 89' lang='lat' dir='ltr'><strong>mihi</strong></span> <span class='ocrx_word' id='word_1_293' title='bbox 579 3393 743 3462; x_wconf 85' lang='lat' dir='ltr'><strong>temperare</strong></span> <span class='ocrx_word' id='word_1_294' title='bbox 764 3403 822 3465; x_wconf 94' lang='lat' dir='ltr'><strong>quo</strong></span> <span class='ocrx_word' id='word_1_295' title='bbox 841 3389 931 3448; x_wconf 89' lang='lat' dir='ltr'><strong>minus</strong></span> <span class='ocrx_word' id='word_1_296' title='bbox 950 3407 1034 3449; x_wconf 89' lang='lat' dir='ltr'><strong>uuum</strong></span> <span class='ocrx_word' id='word_1_297' title='bbox 1057 3407 1156 3450; x_wconf 84' lang='lat' dir='ltr'><strong>exem·</strong></span> 
     </span>
     <span class='ocr_line' id='line_1_39' title="bbox 166 3460 1156 3553; baseline 0.014 -33"><span class='ocrx_word' id='word_1_298' title='bbox 166 3460 243 3539; x_wconf 90' lang='lat' dir='ltr'><strong>plum</strong></span> <span class='ocrx_word' id='word_1_299' title='bbox 258 3465 431 3542; x_wconf 88' lang='lat' dir='ltr'><strong>antiquitatis</strong></span> <span class='ocrx_word' id='word_1_300' title='bbox 447 3465 575 3528; x_wconf 88' lang='lat' dir='ltr'><strong>adieram</strong></span> <span class='ocrx_word' id='word_1_301' title='bbox 593 3488 632 3530; x_wconf 85' lang='lat' dir='ltr'><strong>ex</strong></span> <span class='ocrx_word' id='word_1_302' title='bbox 645 3486 701 3550; x_wconf 89' lang='lat' dir='ltr'><strong>quo</strong></span> <span class='ocrx_word' id='word_1_303' title='bbox 717 3471 847 3550; x_wconf 78' lang='lat' dir='ltr'><strong>intellegi</strong></span> <span class='ocrx_word' id='word_1_304' title='bbox 861 3474 954 3552; x_wconf 90' lang='lat' dir='ltr'><strong>possit</strong></span> <span class='ocrx_word' id='word_1_305' title='bbox 970 3473 1045 3552; x_wconf 90' lang='lat' dir='ltr'><strong>apud</strong></span> <span class='ocrx_word' id='word_1_306' title='bbox 1061 3491 1156 3553; x_wconf 92' lang='lat' dir='ltr'><strong>popu·</strong></span> 
     </span>
    </p>
   </div>
   <div class='ocr_carea' id='block_1_3' title="bbox 0 0 1275 3866">
    <p class='ocr_par' dir='ltr' id='par_1_5' title="bbox 0 0 1275 3866">
     <span class='ocr_line' id='line_1_40' title="bbox 0 0 1275 3866; baseline 0 0"><span class='ocrx_word' id='word_1_307' title='bbox 0 0 1275 3866; x_wconf 95' lang='lat' dir='ltr'><strong> </strong></span> 
     </span>
    </p>
   </div>
  </div>
 </body>
</html>
