2534 3866
270 225 350 273 nau.
372 219 725 277 H1su.xv111.'11-1t.
749 211 896 298 (att—ao.)
1012 219 1084 281 ,113

93 379 246 458 appellant.
276 378 400 438 noudum
424 379 530 439 hahent
550 375 706 441 'candorem
721 397 803 440 suum
821 398 877 459 quo
892 385 1084 460 praecellunt,

92 466 144 525 iam
166 471 261 523 tamen
286 462 500 528 Alexandrinae
528 462 736 541 praeferuntur.
784 472 887 543 postea
914 497 956 512 -
985 470 1085 528 mirum

91 547 165 608 dictu
179 579 221 590 -
238 545 411 606 admiscetur
428 556 507 607 creta
523 564 597 625 quae
614 547 714 606 transit
729 548 758 606 in
775 565 881 626 corpus
898 549 1085 628 coloremque

91 639 118 690 et
134 631 316 690 teneritatem
330 629 433 691 adfert.
459 631 600 692 invenitur
616 630 689 690 haec
706 631 780 691 inter
795 631 933 692 Puteolos
950 641 979 692 et
993 633 1128 699 Nea-114

64 715 175 794 cpolim
190 716 220 773 in
236 714 313 773 colle
330 713 504 790 Leucogaeo
520 715 687 794 appellato,
712 724 865 793 exstatque
886 716 945 776 divi
962 715 1085 794 Augusti

89 799 233 858 decretum
252 815 308 876 quo
325 815 415 858 annua
431 800 533 858 vicena
545 799 621 858 milio
635 797 835 877 Neapolitanis
853 817 907 877 pro
930 816 966 860 eo
989 819 1085 860 nume·

87 883 145 942 rari
158 883 242 942 iussit
258 899 274 941 e
291 882 362 941 lisco
376 898 440 960 suo,
456 883 599 942 coloniam
608 881 754 942 deducens
768 881 905 962 Capuam,
922 884 1085 964 adiecitque

8 961 9 982 ¹
88 983 201 1026 causam
217 965 380 1044 adserendi,
395 969 528 1043 qnoniam
537 974 698 1042 negassent
711 964 848 1044 Campani
864 967 966 1028 alicam
982 969 1084 1028 conliei

88 1052 148 1109 sine
163 1065 199 1108 eo
211 1049 329 1109 metallo
341 1067 441 1126 posse.
468 1051 497 1108 in
510 1050 614 1109 eodem
624 1052 769 1127 reperitur
780 1059 809 1110 et
822 1051 932 1130 sulpur,
950 1053 1084 1112 emicunt·

54 1151 142 1212 toque
163 1134 258 1194 lontes
278 1133 369 1192 Araxi
393 1133 543 1192 oculorum
564 1133 686 1194 claritati
708 1143 736 1193 et
755 1134 905 1196 ⁴uolnerum
925 1136 1085 1196 medicinae

87 1217 266 1294 dentiumque
287 1217 419 1276 firmitati.
458 1217 498 1295 [3]
533 1216 617 1277 Alica
637 1216 794 1278 adulterina
808 1218 838 1278 iit
854 1237 985 1280 maxume
1008 1222 1128 1297 qui-115

86 1301 150 1361 dem
174 1319 190 1360 e
213 1319 266 1360 cea
285 1317 359 1378 quae
382 1300 411 1358 iu
436 1300 536 1360 Africa
554 1300 721 1378 degenerat.
761 1302 880 1362 latiores
902 1305 963 1364 eius
985 1307 1085 1382 spicae

86 1385 286 1463 nigrioresque
303 1393 332 1443 et
346 1382 429 1443 brevi
444 1385 558 1463 stipula.
588 1386 683 1462 pisunt
699 1402 762 1444 curn
778 1386 885 1446 harena
901 1397 930 1446 et
951 1389 993 1447 sic
1015 1405 1083 1466 quo·

87 1486 142 1547 qne
158 1468 312 1528 dilliculter
324 1467 457 1528 deterunt
467 1468 616 1548 utriculos,
634 1469 722 1546 fitque
737 1470 851 1530 dimidia
862 1471 928 1532 uadi
939 1467 1083 1551 mensura,

52 1573 77 1614 ss
86 1561 245 1631 posteaque
259 1553 346 1630 gypsi
362 1570 430 1630 pars
452 1561 552 1629 quarta
572 1553 747 1630 inspargitur
769 1562 871 1630 atquc,
893 1563 923 1613 ut
945 1555 1084 1632 cohaesit,

86 1636 220 1696 farinario
237 1635 333 1695 cribro
348 1635 533 1696 subcernunt.
566 1653 639 1714 quae
661 1637 688 1693 in
712 1651 749 1694 eo
764 1638 900 1695 remansit
920 1640 1085 1715 excepticia

86 1720 249 1799 appellatur
261 1728 291 1777 et
300 1719 490 1794 grandissima
504 1729 557 1780 est.
586 1735 686 1780 rursus
701 1736 775 1796 quae
791 1721 891 1779 transit
903 1721 1009 1780 artiore
1022 1738 1085 1780 cer-

85 1806 160 1863 nitur
176 1811 205 1862 et
220 1802 543 1881 secundariavocatur,
565 1805 631 1863 item
654 1801 791 1862 cribrario
813 1819 886 1881 quae
903 1803 987 1862 simili
1000 1802 1084 1863 modo

86 1890 115 1948 in
129 1886 215 1947 tertio
230 1887 366 1945 remansit
382 1885 477 1945 cribro
490 1889 691 1963 angustissimo
704 1895 735 1946 et
744 1895 849 1948 tantum
860 1886 983 1947 harenas
995 1895 1085 1946 trans·

50 1989 77 2031 to
86 1973 226 2032 mittente.
259 1969 326 2028 Alia
340 1971 413 2029 ratio
429 1968 536 2048 ubique
549 1970 735 2032 adulterandi.
762 1972 887 2030 ctritico
901 1971 1127 2037 condidisti-116

85 2073 131 2116 rua
148 2063 177 2114 et
193 2053 382 2130 grandissima
398 2054 507 2130 eligunt
521 2071 610 2130 grana
625 2073 660 2114 ac
675 2055 831 2114 semicocta
847 2056 876 2113 in
895 2055 962 2116 ollis
982 2064 1085 2133 postea

85 2139 248 2200 arefaciunt
270 2137 335 2198 sole
356 2137 391 2196 ad
413 2138 537 2212 initium,
554 2155 710 2214 rursusque
727 2136 830 2197 leuiter
846 2139 984 2216 adspersa
1001 2140 1084 2199 molis

85 2224 229 2300 frangunt.
252 2222 294 2282 Ex
312 2239 364 2280 zea
382 2219 527 2298 pulchrius
545 2237 628 2297 qnam
640 2237 656 2279 e
667 2219 763 2279 tritico
782 2219 811 2279 iit
823 2237 971 2299 graneam,
989 2239 1083 2298 quom-

85 2305 174 2366 virid
191 2300 284 2366 alicae
299 2307 396 2364 vitium
413 2305 458 2362 sit.
490 2304 645 2363 candorem
660 2312 754 2363 autem
776 2303 804 2363 ei
825 2321 879 2382 pro
903 2303 1085 2364 creta'luctis

49 2407 75 2446 ot
87 2392 194 2451 incocti
209 2391 329 2448 mixtura
347 2387 469 2448 confert.

152 2473 201 2534 12.
219 2473 301 2551 (30.)
319 2472 453 2550 Sequitur
468 2469 640 2549 leguminum
658 2481 774 2550 natura,
795 2473 869 2530 inter
885 2487 959 2549 quae
974 2478 1128 2534 nanu-117

86 2577 150 2620 mus
165 2557 257 2616 honos
272 2555 375 2630 fabae,
398 2556 506 2632 quippe
531 2571 568 2634 ex
592 2572 646 2632 qna
662 2563 815 2633 temptatus
835 2556 871 2614 sit
892 2555 976 2614 etiam
993 2556 1084 2633 panis.

8 2635 9 2688 ἕ
86 2643 244 2704 lomentum
259 2639 421 2717 appellatur
436 2639 526 2698 larina
541 2643 587 2712 eh,
603 2637 831 2715 adgravaturque
853 2637 965 2716 pondus
987 2639 1036 2699 illa
1058 2648 1087 2698 et
1163 2683 1167 2690 .

8 2741 9 2782 4
86 2727 165 2787 omui
182 2724 335 2800 legumine.
366 2724 422 2780 iarn
436 2737 508 2780 uero
531 2730 560 2779 et
582 2719 690 2796 pabulo
712 2721 806 2780 venali
827 2721 912 2781 labae
936 2722 1087 2801 multiplex

46 2827 159 2870 cousus
184 2808 307 2866 omnium
329 2804 533 2884 quadripedum
556 2805 672 2879 generi,
698 2805 855 2881 praecipue
877 2803 992 2862 homini.
1027 2805 1085 2865 fru-

85 2901 185 2954 mento
202 2893 287 2950 etium
303 2891 439 2950 miscetur
454 2888 529 2966 apud
545 2886 701 2966 plerasque
719 2887 829 2962 gentis,
847 2894 877 2946 et
891 2903 1021 2947 maxume
1037 2905 1085 2964 pa·

84 2980 155 3037 nico
178 2975 271 3034 solida
294 2991 328 3032 ao
357 2972 506 3032 delicatius
528 2971 631 3030 fracta.
665 2972 732 3047 quin
749 2977 778 3028 et
791 2971 889 3047 prisco
904 2972 960 3029 ritu
975 2966 1128 3034 labata118

8 3043 12 3130 i
86 3079 161 3120 suae
176 3057 326 3134 religionis
342 3056 386 3115 dis
400 3056 429 3113 in
445 3073 529 3116 sacro
553 3063 615 3129 est,
638 3053 809 3130 praevalens
832 3053 1002 3131 pulmentari
1020 3051 1084 3112 cibo
1186 3087 1192 3104 .

87 3155 119 3205 et
134 3143 275 3204 hebetare
291 3157 392 3200 sensus
414 3139 588 3216 existimata,
612 3139 749 3196 insomnia
771 3153 885 3214 quoque
907 3136 1023 3212 lacere,
1048 3135 1086 3196 ob

46 3245 76 3287 et
86 3229 164 3290 haee
175 3224 385 3300 Pythagoricae
398 3224 556 3282 sententiae
572 3221 712 3298 damnata,
727 3229 757 3279 ut
769 3221 817 3280 alii
828 3220 984 3294 tradidere,
998 3238 1086 3299 quon·

85 3313 146 3372 iam
167 3313 342 3369 mortuorum
362 3308 471 3366 animae
488 3307 544 3364 sint
562 3307 590 3364 in
606 3323 657 3379 ea,
676 3321 730 3381 qua
754 3303 789 3364 dc
806 3320 892 3363 causa
910 3305 1085 3382 parentando

86 3397 190 3472 utique
205 3392 373 3471 adsumitur.
398 3389 491 3473 llarro
515 3397 543 3447 et
563 3388 600 3448 oh
624 3390 697 3448 haec
712 3387 851 3447 flaminem
870 3403 905 3445 ea
920 3404 977 3446 non
990 3391 1128 3450 vescilltt

85 3479 177 3539 tradit
193 3486 222 3537 et
238 3475 369 3554 quonium
384 3474 412 3532 in
430 3474 503 3533 flore
523 3473 584 3531 eius
604 3472 718 3532 litterae
740 3469 876 3547 lugubres
895 3473 1084 3549 reperiuntur.

133 3580 280 3623 aurnuns.
298 3579 368 3619 ntsu.
383 3563 429 3617 lll.
702 3627 707 3636 Ι
902 3553 920 3614 8
