2552 3866
81 225 86 236 ,
162 180 220 243 136
274 153 281 160 ’
517 191 654 239 cunno
668 191 817 240 suonam

156 347 344 409 detestabiles
359 345 501 406 videntur.
532 345 606 406 adeo
630 348 905 425 minuma-quaeque
928 349 957 406 in
976 365 1052 424 agro
1072 360 1152 411 natu·

109 427 279 496 usuraiibus
295 430 442 491 trabuntur
465 431 649 508 argumentis.
685 429 823 490 Extremo
839 438 933 491 autem
949 431 1005 490 boc
1019 441 1152 513 tempore

156 517 250 596 panici
267 515 383 592 milique
407 516 479 575 satio
501 523 555 573 est.
590 517 692 574 iustum
712 515 770 575 boc
790 515 848 574 seri
867 523 1007 576 maturato
1030 516 1152 578 hordeo.

155 609 241 678 atque
260 600 343 659 etiam
357 600 386 657 in
404 600 507 659 eodem
522 615 592 658 arvo
609 599 720 676 signum
735 599 811 659 illins
826 600 979 658 maturitati
1000 610 1029 660 et
1050 600 1152 661 horum

155 685 258 744 sationi
275 700 423 744 commune
439 683 570 742 lucentes
585 700 711 760 vespere
729 699 866 760 perarua
883 682 1041 744 cicindelae
1056 688 1173 746 —itas

135 785 139 798 ·
154 767 304 846 appellant
314 767 414 826 rustici
428 767 570 826 stellantis
581 766 706 844 volatus,
719 765 821 826 Graeci
834 783 904 826 vero
916 765 1090 845 lampyridas
1098 803 1150 845 -,

155 850 317 912 incredibili
334 849 510 928 benignitate
528 859 655 910 naturae.

111 947 162 1000 251
224 937 273 996 27.
299 935 382 1015 (67.)
408 935 449 1013 [ll
471 932 529 993 lam
551 935 689 1011 vergilias
709 934 737 992 in
758 934 841 993 caelo
871 933 1005 994 notabilis
1036 944 1151 998 caterva

153 1021 275 1080 iecerat.
308 1027 474 1078 nontamen
490 1018 534 1077 bis
556 1027 689 1077 contenta
710 1018 857 1077 terrestris
877 1017 948 1078 iecit
970 1018 1039 1078 alias
1061 1021 1151 1080 veluti

153 1103 332 1164 vociferans:
350 1121 400 1162 cur
417 1102 527 1162 caelum
543 1103 689 1175 intuearis,
705 1099 853 1177 agricolai
885 1119 936 1162 cur
953 1101 1047 1162 sidera
1063 1119 1150 1182 quae·
1161 1121 1188 1161 rc

153 1205 217 1264 ras,
239 1183 368 1246 rustice?
388 1187 444 1246 iam
458 1195 487 1245 te
502 1186 637 1246 breviore
652 1201 752 1244 sorano
769 1184 877 1244 fessum
893 1194 1024 1264 premunt
1037 1196 1148 1246 noctes.
1184 1238 1191 1254 .

155 1289 226 1330 ecce
241 1270 292 1330 tibi
312 1271 386 1329 inter
405 1270 511 1330 herbas
530 1279 593 1329 tuas
614 1285 721 1347 spargo
742 1269 898 1347 peculiaris
919 1269 1018 1329 stellas
1042 1285 1150 1348 easque

154 1372 279 1435 vespera
292 1363 321 1414 et
334 1353 369 1412 ab
382 1370 474 1432 opere
487 1352 658 1430 disiungenti
671 1354 792 1412 ostendo
806 1371 851 1428 ac,
864 1372 901 1413 ue
912 1354 1008 1432 possis
1020 1363 1150 1430 praeter·

111 1439 231 1514 ubuire,
260 1439 399 1500 miraculo
421 1438 556 1498 sollicito.
591 1435 711 1496 videsne
732 1446 762 1496 ιι
783 1437 880 1514 iulgor
894 1439 970 1513 ignis
979 1435 1078 1495 similis
1091 1437 1149 1498 ala·

154 1539 215 1580 rum
237 1540 397 1600 conpressu
421 1528 545 1600 tegatur
555 1537 710 1598 secumque
736 1519 831 1580 lucem
855 1521 961 1587 habeat
980 1528 1015 1580 ιι
1040 1519 1185 1580 nocte‘itt

153 1605 219 1667 dedi
234 1607 284 1666 tibi
303 1605 409 1667 herbas
424 1606 555 1666 horarum
571 1604 680 1664 indices
696 1612 734 1680 et,
751 1614 782 1665 ut
796 1621 833 1665 ue
854 1607 920 1666 sole
942 1604 1054 1683 quidem
1079 1621 1148 1664 ocu·

154 1691 198 1750 los
214 1700 290 1754 tuos
296 1709 311 1751 a
326 1699 404 1752 terra
419 1707 538 1765 avoces,
553 1688 755 1778 heliotropium
766 1707 801 1749 ac
814 1689 979 1769 lupinum
953 1705 1148 1766 circumagun-

142 1774 198 1834 tur
212 1793 274 1834 curn
288 1774 349 1834 illo.
382 1791 432 1833 cur
448 1764 597 1833 etiamnum
613 1771 695 1833 altius
716 1782 850 1852 spectas,
867 1775 1017 1851 ipsumque
1037 1773 1148 1832 caelum

111 1869 164 1923 253
172 1855 321 1918 scrutare?
349 1856 439 1918 habes
455 1865 521 1916 ante
538 1855 630 1932 pedes
652 1864 717 1914 tuos
738 1874 810 1917 ecce
831 1853 978 1934 verg'ilias
1006 1853 1144 1916 lacertis

105 1973 110 1990 ι
153 1941 330 2002 haediebns
352 1940 522 2017 proveniunt
543 1939 717 2017 durantque,
741 1941 793 2000 sed
817 1957 883 2000 esse
903 1939 1006 2000 sideris
1028 1939 1183 2012 huiuscene
1273 1963 1274 2023 ι

153 2032 265 2104 partum
287 2040 337 2082 eas
364 2031 470 2083 certum
497 2031 550 2084 est.
585 2023 706 2100 proinde
736 2025 864 2102 quisquis
889 2025 1016 2084 aestivos
1036 2023 1147 2082 fructus

153 2116 219 2166 ante
241 2108 306 2167 illas
331 2108 438 2166 severit
459 2108 522 2185 ipse
546 2107 726 2167 frustrabitur
753 2126 829 2167 sese.
865 2107 921 2168 boc
943 2107 1096 2167 intervallo
1118 2114 1148 2166 ιι

154 2190 272 2269 apicula
282 2191 445 2270 procedens
460 2191 555 2250 labam
572 2191 678 2251 llorere
693 2191 814 2267 indicat,
838 2191 962 2268 fabaque
986 2190 1146 2253 florescens

154 2292 217 2334 earn
230 2284 341 2335 evocat.
368 2273 479 2336 dabitur
490 2283 519 2334 et
530 2274 606 2333 uliud
621 2275 689 2334 liniti
703 2274 819 2350 frigoris
833 2275 982 2335 indicium:
1004 2291 1067 2333 curn
1079 2291 1145 2352 ger·
1273 2321 1274 2330 ,

153 2359 261 2419 minare
279 2358 385 2418 videris
398 2376 517 2432 morum,
534 2358 662 2416 iniuriam
676 2366 779 2434 postea
793 2357 910 2435 frigoris
926 2359 1027 2416 timere
1044 2358 1143 2418 nolito.
1154 2386 1181 2426 ιι
1257 2375 1274 2444 ,ι

110 2443 211 2520 254121
225 2458 295 2516 ergo
307 2457 397 2520 opera
408 2441 501 2500 taleas
511 2439 648 2498 olivarum
659 2457 769 2517 ponere
780 2443 917 2520 ipsasque
930 2440 1012 2501 oleas
1025 2443 1144 2502 interra·
1273 2433 1274 2440 '

154 2524 234 2598 dere,
242 2525 346 2621 ‘rigare
361 2532 440 2601 prata
456 2525 618 2601 aequinocti
633 2523 732 2583 diebus
748 2526 861 2602 primis,
886 2543 947 2586 curn
969 2522 1059 2585 berba
1082 2543 1144 2585 cre·

151 2607 225 2666 verit
240 2607 268 2665 in
283 2606 433 2682 festucam,
450 2623 551 2666 arcere
566 2623 672 2685 aquas,
691 2607 802 2668 vineam
825 2610 998 2686 pampinare.
1030 2618 1059 2668 ιι
1078 2608 1144 2669 huic

153 2690 202 2747 lex
217 2706 282 2763 sua,
311 2707 372 2748 cum
390 2691 517 2782 pampini
530 2699 662 2788 quattuor
682 2691 786 2768 digitos
806 2692 981 2767 longitudine
1003 2691 1142 2769 expleve-
1273 2762 1274 2776 χ

151 2773 216 2848 rint,
229 2805 270 2820 -
283 2773 426 2851 pampinat
439 2791 493 2834 una
509 2791 603 2874 opera
612 2775 808 2851 iugerum—,
820 2784 937 2851 segetes
948 2776 1064 2835 iterare
1097 2793 1141 2835 sa·
1152 2799 1215 2842 ιο

152 2856 221 2916 ritnr
242 2874 313 2916 vero
335 2856 436 2917 diebus
458 2858 565 2934 viginti.
598 2845 639 2916 ab
661 2859 840 2957 aequinoctio
864 2868 975 2920 sartura
989 2875 1096 2919 nocere
1114 2869 1143 2919 ιι

152 2942 253 3000 vineae
270 2949 298 3000 ιι
313 2941 406 3016 segeti
421 2943 605 3000 existimatur.
636 2951 665 3001 et
680 2944 741 3001 ovis
754 2941 865 3022 lavandi
876 2942 932 3003 hoc
943 2943 1017 3002 idem
1029 2951 1141 3020 tempus

110 3031 161 3084 ιιι
170 3033 222 3083 ιιι.
243 3024 283 3103 [3]
313 3023 537 3100 Avergiliarum
558 3034 659 3085 exortu
681 3024 840 3102 significant
862 3023 980 3086 Caesari
1001 3026 1139 3103 postridie

153 3109 257 3166 arcturi
272 3125 394 3168 occasus
408 3109 572 3182 matutinus,
596 3121 645 3168 111.
676 3108 739 3168 idus
752 3107 847 3173 :illaias
863 3108 994 3178 fidiculae
1010 3117 1137 3183 exortus,

151 3201 212 3248 ΧΗ.
240 3188 377 3251 kalendas
398 3189 490 3250 lunias
514 3191 626 3267 capella
645 3193 762 3268 vesperi
785 3193 920 3251 occidens
944 3200 972 3250 et
995 3194 1023 3253 in
1045 3193 1136 3253 Attica
1146 3217 1173 3259 35

153 3274 240 3331 canis.
272 3286 318 3332 Χι.
335 3273 472 3334 kalendas
490 3270 608 3334 Caesari
623 3273 735 3334 Orionis
751 3276 861 3362 gladius
877 3276 1013 3336 occidere
1030 3275 1164 3353 incipit,

152 3367 217 3415 1111.
237 3372 325 3428 nonas
342 3355 433 3418 lunias
450 3354 568 3416 Caesari
585 3367 614 3416 et
627 3357 765 3434 Assyriae
785 3353 879 3435 aquile
901 3361 1018 3438 vesperi
1038 3359 1178 3435 oritur,

2 3460 3 3469 ι
90 3491 95 3499 ,
151 3451 210 3496 vn.
238 3437 300 3498 idus
321 3449 448 3500 arcturus
472 3443 606 3500 matutino
627 3442 731 3500 occidit
751 3440 864 3518 ltaliae,
886 3455 949 3501 1111.
989 3441 1142 3518 delphinus
