2534 3866
311 209 390 257 nau.
406 147 497 258 uulsa.
513 209 597 256 xvnr.
617 205 701 260 s—e.
721 198 839 276 (3-4.)
1042 199 1082 261 53
1176 243 1193 278 ,

90 378 163 440 agro
179 369 309 436 utuntur,
332 361 383 420 sed
404 369 508 425 tantuna
531 363 560 420 iu
581 361 676 422 umida
698 361 858 440 frigidaque
879 371 965 424 terra.
1002 363 1125 430 Illamdtt

91 445 202 508 Gallias
216 443 435 523 britanniasque
454 445 678 524 locupletantem
698 463 762 504 cum
784 463 851 504 cura
866 445 922 506 dici
938 452 1080 509 convenit.

91 531 148 591 duo
163 546 274 606 genera
290 528 411 588 lucrant.
445 529 527 607 plura
543 546 636 606 nuper
651 529 784 588 exerceri
802 538 906 607 coepta
929 531 1081 607 proficien-

92 614 167 673 tibus
185 612 317 690 iugeuiis.
354 621 398 671 est
414 615 490 672 enim
513 612 596 688 alba,
616 613 697 687 ruia,
719 612 896 687 columbina,
914 613 1082 690 argillacea,

72 698 221 770 storacem
237 696 409 756 harenacea.
438 706 536 756 natura
553 695 677 774 duplex,
694 713 800 774 aspera
815 705 863 756 aut
878 698 1001 775 pinguis.
1033 717 1082 763 ex·

92 782 252 860 perimenta
275 780 421 858 utriusque
442 781 590 855 iamenu,
615 797 744 858 ususque
765 781 913 857 geminus,
935 791 966 840 ut
984 782 1100 859 irriges*

91 863 199 925 tautum
221 863 297 924 alant
319 873 367 924 aut
387 865 507 924 eaedem
528 871 558 923 et
581 863 725 942 pabulum.
761 862 874 940 Fruges
896 865 947 925 alit
968 865 1127 929 tofacea44

92 949 158 1008 alba
173 964 265 1026 quae,
286 949 311 1006 si
328 949 364 1006 sit
379 947 555 1008 interieritis
570 957 697 1025 reperta,
715 955 760 1007 est
772 946 809 1007 ad
821 948 958 1008 inlinitum
969 949 1083 1026 lertilis‚

92 1049 192 1092 verum
215 1048 320 1110 aspera
342 1039 480 1107 tractatu,
504 1032 529 1091 si
554 1033 639 1091 nimia
658 1033 763 1092 iniecta
786 1041 851 1108 εει,ι
869 1033 963 1094 exurit
982 1032 1083 1092 solum.

63 1131 233 1194 roproxuma
255 1115 399 1190 astrata,
426 1133 499 1194 quae
523 1125 645 1176 uocatur
670 1133 894 1194 acaunnmmga,
920 1117 1083 1178 intermixto

92 1200 189 1277 lapide
204 1207 302 1260 terrae
316 1199 451 1274 minutae,
468 1199 639 1263 harenosae.
676 1199 749 1276 lapis
772 1200 954 1260 contunditur
974 1201 1083 1279 inipso

94 1298 213 1360 campo,
234 1283 391 1360 primisque
411 1283 491 1348 anuis
514 1282 619 1361 stipula
636 1282 791 1344 dilliculter
813 1284 942 1343 caeditur
964 1293 1085 1363 propter

93 1366 214 1444 lapides.
256 1365 391 1443 inpendio
416 1375 511 1426 tamen
536 1368 658 1426 minuma
686 1366 803 1426 levitate
827 1367 943 1427 dImidio
967 1369 1083 1428 minoris

94 1467 177 1529 quarn
192 1457 310 1510 ceterae
325 1449 475 1509 invehitur.
504 1451 680 1528 inspergitur
694 1467 768 1510 rara.
800 1450 861 1510 sale
883 1469 946 1510 eam
968 1453 1084 1512 misceri

65 1542 202 1612 reputant.
231 1541 380 1610 utrumque
395 1533 452 1592 boc
467 1551 559 1610 genus
574 1534 665 1593 semel
678 1535 812 1592 iniectum
827 1535 856 1593 in
869 1547 892 1594 1.
905 1551 994 1594 annos
1005 1536 1084 1596 valet
1143 1565 1147 1569 ·

94 1627 123 1677 et
136 1615 251 1693 lrugum
265 1624 294 1675 et
307 1616 404 1694 pabuli
419 1616 562 1677 ubertate.

155 1697 185 1760 8.
209 1699 291 1772 Quae
305 1701 427 1778 pingues
442 1717 511 1760 esse
524 1701 698 1774 sentiuntur,
720 1717 757 1758 ex
770 1699 815 1759 bis
829 1701 986 1778 praecipua
1003 1700 1077 1761 alba.
1091 1712 1124 1764 46

93 1785 175 1863 plura
190 1784 252 1842 eius
266 1799 392 1861 genera:
414 1783 657 1844 mordacissimum
674 1783 751 1860 quod
772 1801 859 1861 supra
882 1783 1011 1844 diximus.
1040 1784 1115 1844 al-ra

9 1899 11 1910 >
93 1879 186 1928 terum
201 1885 294 1944 genus
310 1866 393 1926 albae
412 1875 491 1926 creta
505 1868 666 1944 argentaria
687 1875 740 1926 est.
776 1869 881 1946 petitur
902 1883 939 1926 ex
962 1867 1038 1942 alto,
1056 1868 1084 1926 iri

9 1957 11 1964 ⁴
66 1962 240 2030 nocentenos
251 1951 343 2029 pedes
361 1952 432 2010 actis
449 1949 616 2028 plerumque
630 1951 734 2028 puteis.
764 1968 815 2010 ore
830 1959 996 2027 angustatur
1009 1952 1083 2011 intus

95 2036 167 2096 utin
187 2035 311 2095 metallis
327 2035 468 2112 spatiante
484 2051 578 2094 vena.
597 2033 651 2092 hac
674 2038 804 2093 maxume
823 2033 966 2094 Britannia
987 2037 1080 2096 utitur.

95 2119 177 2179 durat
198 2119 277 2178 aunis
298 2130 404 2178 xxxx.
440 2134 535 2194 neque
556 2124 600 2176 est
621 2115 782 2193 exemplum
803 2117 889 2176 ullius
915 2119 962 2194 qui
984 2118 1029 2179 bis
1055 2121 1083 2177 in

95 2205 152 2264 rita
173 2203 248 2264 banc
272 2201 367 2262 eidem
393 2201 532 2260 iniecerit.
574 2200 686 2258 tertium
711 2215 804 2275 genus
828 2199 966 2259 candidae
988 2200 1124 2275 gliso·4fi

96 2303 223 2363 mergam
236 2293 351 2345 vocant.
380 2292 425 2344 est
438 2292 533 2344 autem
548 2291 628 2343 creta
640 2281 759 2342 fullonia
780 2283 866 2341 mixta
882 2282 980 2360 pingui
994 2290 1082 2357 terra,

65 2387 89 2428 aa
98 2369 195 2448 pabuli
207 2386 291 2448 quam
302 2369 414 2450 ir‘pgum
426 2367 558 2442 fertilior,
570 2369 609 2426 ita
620 2374 650 2426 ut
660 2383 755 2430 messe
768 2365 879 2424 sublata
894 2374 959 2425 ante
971 2381 1082 2424 sernen-

96 2463 153 2514 tern
169 2453 289 2514 alteram
307 2451 491 2512 laetissimum
507 2459 632 2510 secetur.
664 2450 729 2509 dnm
747 2450 775 2508 iu
792 2449 875 2527 fruge
892 2457 953 2528 est,
975 2448 1084 2509 nullum

98 2537 172 2598 aliard
186 2553 306 2613 gramen
321 2536 429 2594 emittit.
457 2534 538 2594 durat
551 2547 624 2593 xxx
637 2534 726 2593 anuis.
752 2533 869 2593 densior
884 2534 959 2594 iusto
974 2533 1084 2610 Signini
1105 2539 1108 2545 '

9 2623 13 2642 '
98 2620 183 2680 modo
208 2618 367 2696 strangulat
392 2617 493 2678 solnm.
537 2616 732 2676 Columbinum
758 2616 866 2684 Galliae
892 2633 945 2677 suo
970 2618 1083 2676 nomine

99 2701 302 2782 eglecopalam
327 2701 483 2780 appellant.
531 2699 643 2775 glaebis
670 2701 817 2759 excitatur.
835 2699 960 2777 lapidum
984 2701 1082 2774 modo,

59 2786 163 2847 aosols
186 2795 216 2846 et
236 2785 381 2863 gelatione
403 2786 442 2844 ita
459 2781 580 2842 solvitur
598 2791 629 2841 ut
644 2782 823 2843 tenuissimas
842 2780 969 2842 bratteas
986 2784 1083 2843 iaciat.

100 2870 172 2930 baec
187 2887 225 2928 ex
242 2885 337 2946 aequo
352 2867 465 2928 fertilis.
495 2863 662 2925 Harenacea
677 2871 801 2938 utuntur,
815 2865 840 2923 si
854 2864 909 2924 alia
923 2883 980 2926 non
995 2866 1041 2939 sit,
1055 2867 1124 2928 inat

101 2955 250 3030 uliginosis
264 2958 336 3011 reio
355 2959 384 3009 et
407 2952 431 3009 si
446 2950 501 3011 alia
517 2949 563 3008 sit.
596 2946 688 3007 Ubios
708 2947 832 3024 gentium
854 2948 934 3014 solos
955 2948 1084 3008 norimus
1196 2941 1200 2950 “

9 3037 11 3106 l
103 3039 148 3113 qui
162 3037 368 3096 fertilissimum
381 3039 478 3109 agrum
492 3032 621 3093 colentes
631 3047 807 3107 quacumque
821 3039 897 3090 terra
908 3031 981 3091 iufra
990 3029 1083 3108 pedes

102 3121 152 3180 tris
167 3119 273 3180 effossa
295 3128 324 3178 et
345 3116 442 3195 pedali
455 3115 646 3175 crassitudine
663 3114 766 3173 iniecta
787 3113 951 3173 laetificent.
983 3112 1034 3173 sed
1049 3131 1084 3172 ea

54 3225 90 3268 aa
102 3219 159 3262 nou
178 3199 376 3264 diutius'aunis
392 3215 416 3260 x
431 3200 559 3278 prodest.
593 3195 684 3256 lledui
705 3205 734 3256 et
753 3197 885 3256 Pictones
903 3196 983 3257 calce
998 3196 1083 3256 uber·

101 3287 189 3346 riuros
204 3286 304 3345 iecere
318 3301 421 3359 agros,
444 3299 518 3360 quae
541 3299 611 3340 sane
628 3289 656 3340 et
670 3280 744 3340 oleis
760 3279 922 3357 vitibusque
937 3281 1084 3340 utilissima
1121 3326 1125 3334 ι

99 3371 256 3446 reperitur.
286 3365 383 3425 Omnis
399 3375 493 3426 autern
507 3381 605 3442 marga
625 3373 703 3424 arato
723 3362 863 3424 inicienda
879 3373 924 3423 est
943 3371 972 3423 ut
993 3365 1125 3428 medi-48

99 3460 261 3514 cementum
275 3449 417 3529 rapiatur,
441 3457 470 3509 et
489 3447 545 3508 limi
566 3448 710 3508 desiderat
730 3445 931 3524 aliquantulum
953 3464 1084 3525 quaeque
