2552 3866
185 152 245 216 tot
502 164 532 213 c.
549 164 644 212 rmru
660 163 808 214 saeuum

182 321 295 395 iubent,
311 318 363 380 scd
376 317 485 380 Citieus
500 335 599 379 semen
617 336 655 379 ex
670 337 743 398 aqua
756 322 866 396 tritum,
882 318 1051 380 Tarentinus
1066 337 1173 384 sucum.

183 405 289 466 lienam
308 404 377 463 itam
397 411 568 479 extenuant,
591 403 711 464 iocineri
733 413 853 482 prosunt
874 413 903 464 ct
917 403 1077 464 lumborum
1093 405 1173 466 dolo·

182 487 277 564 ribus,
291 487 458 565 hydropicis
473 504 589 565 qnoque
605 505 643 546 ex
654 496 739 547 aceto
754 497 802 548 aut
812 489 904 567 sinapi
916 489 1019 567 sumpti
1030 497 1058 547 et
1069 485 1172 549 lethar-

139 571 256 649 aogicis
277 579 307 630 ct
329 571 518 631 comitialibus
535 579 565 632 et
582 570 811 632 melancholicis.
840 571 1022 650 Praxagoras
1041 581 1068 631 et
1083 571 1174 633 iliosis

182 654 293 716 dandos
309 664 425 732 censet,
446 654 621 716 Plistonicus
644 664 673 715 et
694 656 842 716 coeliacis.
872 657 1068 716 intestinorum
1090 657 1195 716 etiams

181 739 282 800 ulcera
307 746 407 799 sanant
436 756 470 798 ac
491 738 643 817 purulenta
664 739 918 816 praecordiorum,
947 741 972 798 si
999 757 1062 801 cum
1087 739 1174 800 melle

182 823 311 890 edantur.
341 822 455 902 quidam
470 822 505 882 ad
520 823 594 882 haec
610 839 739 900 coquere
755 835 807 882 eos
821 824 850 882 iu
866 823 927 882 lato
942 823 1067 908 malunt,
1088 823 1131 882 sio
1145 832 1175 884 et

180 907 302 974 feminas
317 908 444 984 purgari.
475 915 611 966 anaceto
628 915 658 966 et
673 906 761 966 melle
779 905 882 984 sumpti
903 906 1101 967 intestinorum
1117 907 1173 968 ani·

181 990 266 1050 malla
289 989 459 1065 donabunt,
481 990 568 1051 iidem
587 988 623 1050 ad
643 991 742 1049 tertias
763 988 888 1050 decocto
910 1006 1010 1050 eorum
1026 999 1095 1069 poto
1111 1008 1174 1050 curn

181 1076 248 1134 vino
267 1073 476 1139 'enterocelicis
498 1081 634 1152 prosunt,
661 1072 826 1149 sanguinem
848 1089 965 1153 quoque
987 1073 1114 1134 inutilem
1132 1075 1206 1134 sicto

139 1156 344 1223 ateramum.
368 1155 1175 1232 bladiusadbaecctsanguinemexscreaotibuscoctos

52 1237 54 1244 '
182 1242 243 1304 dari
258 1240 353 1317 iubet,
376 1250 406 1301 ct
421 1242 573 1320 puerperis
592 1239 628 1298 ad
643 1239 726 1298 lactis
741 1240 854 1317 copiam
872 1241 1046 1317 aagendam,
1065 1240 1174 1320 llippo·

183 1333 279 1386 crates
302 1326 404 1404 capitis
425 1324 573 1382 mulierum
599 1321 722 1381 deiluvia
742 1321 841 1381 fricari
858 1322 1009 1400 raphanis,
1036 1334 1066 1384 et
1085 1343 1175 1402 saper

182 1404 346 1468 umbilicum
367 1407 464 1484 inponi
481 1412 581 1464 contra
596 1412 737 1465 tormenta
752 1405 866 1464 volvae.
896 1404 1037 1466 reducunt
1052 1415 1082 1465 ct
1098 1409 1174 1467 cica-

182 1493 285 1552 tricem
306 1489 341 1552 ad
364 1487 502 1549 colorem.
535 1505 635 1546 semen
655 1504 771 1572 quoque
788 1506 826 1547 ex
843 1505 917 1566 aqua
934 1489 1086 1566 inpositum
1100 1491 1212 1550 sistitis

140 1575 282 1640 nauteam
303 1588 377 1652 quae
397 1572 603 1652 phagedaenas
621 1580 735 1632 vocant.
761 1570 944 1632 Democritus
959 1589 1097 1633 venerem
1117 1573 1177 1634 hoc

183 1659 249 1720 cibo
264 1655 400 1716 stimulari
418 1665 514 1734 putat,
535 1654 573 1715 ob
588 1653 616 1714 id
632 1654 764 1715 fortassis
779 1657 847 1715 roci
860 1672 970 1730 nocere
986 1656 1072 1734 aliqui
1088 1656 1175 1717 tradi·

183 1743 295 1803 derunt.
323 1739 394 1800 iolia
408 1757 483 1818 quae
500 1741 528 1799 in
543 1738 678 1816 oblongis
697 1740 842 1800 dumtaxat
856 1749 1026 1816 nascuntur,
1045 1741 1175 1799 excitare
1259 1775 1260 1796 t

136 1841 140 1846 ’
184 1825 335 1886 oculorum
355 1825 447 1883 aciem
467 1823 614 1898 dicautur,
635 1822 685 1883 abi
698 1841 770 1884 vero
787 1824 883 1884 acrior
895 1824 1015 1902 raphani
1034 1823 1176 1884 medicina
1259 1835 1260 1901 t

184 1909 297 1970 admota
316 1905 368 1981 sit,
388 1906 532 1985 hysopum
555 1905 616 1966 dari
639 1907 769 1986 protinus
789 1909 938 1985 imperant.
971 1907 1045 1967 hacc
1065 1909 1211 1986 antipa-ao

183 1991 240 2050 thia
261 1997 314 2048 est.
344 1999 374 2050 et
393 1991 501 2052 aurium
524 1991 657 2067 grauitati
678 2008 775 2051 sucuro
793 1991 913 2069 raphani
934 1990 1080 2050 instillant.
1109 2009 1175 2050 nam

182 2073 331 2132 vomituris
349 2091 457 2134 summo
475 2073 541 2134 cibo
560 2092 628 2134 esse
645 2089 697 2133 eos
712 2074 889 2134 utilissimum
905 2085 959 2135 est.
1101 2121 1108 2128 .

141 2167 175 2221 29
240 2157 324 2236 (14.)
346 2157 515 2218 Pastinacac
528 2157 621 2217 simile
635 2157 790 2233 hibiscum,
808 2159 885 2236 quod
898 2159 1052 2220 molochen
1065 2161 1174 2236 agriam

182 2249 289 2301 vocant
304 2250 333 2300 et
349 2241 437 2320 aliqui
453 2240 735 2319 πλειστολοχείαν,
750 2241 914 2318 ulceribus,
931 2242 1109 2320 cartilagini,
1126 2259 1173 2302 os·

184 2325 263 2386 sibus
277 2325 377 2385 fractis
389 2324 529 2384 medetur.
554 2324 624 2385 folia
639 2325 702 2384 cius
716 2343 753 2384 ex
767 2341 841 2405 aqua
855 2334 925 2403 pota
938 2324 1032 2386 alvom
1046 2327 1174 2402 solvont,
1184 2349 1210 2390 as
1257 2359 1258 2424 p

184 2409 327 2486 serpentis
341 2407 469 2485 abigunt,
484 2408 596 2484 apium,
608 2407 956 2496 vesparum„crabronum
971 2409 1076 2470 ictibus
1094 2409 1177 2469 inlita

181 2491 341 2552 medentur.
373 2491 501 2550 radicem
522 2491 584 2550 eius
604 2498 669 2549 aute
689 2491 760 2550 solis
783 2501 875 2552 ortura
896 2500 1005 2553 erutam
1023 2494 1177 2560 involvant

134 2639 136 2644 ,
183 2576 249 2635 lana
265 2574 373 2634 coloris
387 2591 472 2652 quem
485 2574 610 2633 nativam
623 2583 744 2650 vocant,
761 2583 915 2653 praeterea
932 2577 994 2636 ovis
1006 2594 1079 2655 quae
1091 2576 1174 2636 femi·

183 2668 248 2716 nam
265 2657 394 2735 peperit,
412 2657 584 2736 strumisque
600 2656 648 2716 vel
662 2660 825 2736 suppuratis
842 2657 978 2735 adligant.
1008 2660 1122 2737 quidam
1136 2660 1175 2719 ad

183 2740 259 2801 bunc
278 2758 359 2801 usum
378 2756 447 2801 auro
469 2739 658 2803 effodiendam
672 2751 806 2821 causent,
827 2741 1044 2821 cavendumque
1058 2761 1095 2803 ne
1111 2752 1172 2802 ter·
1184 2758 1210 2802 ao

182 2843 243 2886 ram
260 2825 388 2902 attingat.
415 2822 519 2885 Celsus
537 2834 566 2885 et
579 2825 717 2902 podagris
735 2842 808 2903 quae
826 2824 887 2884 siae
904 2834 1014 2888 tumore
1027 2827 1082 2887 sint
1095 2825 1174 2886 radi·

185 2927 249 2970 cens
264 2909 326 2968 eius
341 2910 369 2966 ia
383 2910 450 2966 vino
466 2909 616 2970 decoctcm
633 2909 730 2986 inponi
744 2908 832 2969 iubet.
1255 2971 1256 2990 ,

142 3002 179 3058 oo
242 2995 271 3053 5.
285 2992 367 3072 (15.)
386 2991 514 3051 Alterum
528 3007 620 3068 genus
637 3001 681 3051 cst
695 2989 890 3068 staphylinos,
908 2992 984 3071 quod
996 2993 1175 3071 pastinacam

184 3077 336 3136 erraticam
349 3083 462 3134 vocant.
492 3075 553 3134 eius
569 3091 668 3134 semen
682 3073 831 3134 contritum
847 3083 877 3134 et
890 3075 918 3134 in
933 3073 998 3135 rino
1016 3085 1113 3153 potura
1128 3084 1174 3136 tu·

183 3168 307 3219 meatem
321 3157 414 3218 alvom
431 3165 460 3216 et
475 3156 678 3218 suffocationes
693 3156 841 3218 mulierum
855 3157 1030 3237 doloresque
1052 3159 1123 3220 lenit
1142 3161 1176 3218 in
1185 3181 1211 3223 aa

184 3251 290 3303 tanturn
313 3250 344 3301 ut
364 3239 465 3300 volvas
487 3242 627 3318 corrigat,
656 3241 764 3301 inlitum
784 3259 899 3320 quoque
926 3259 1049 3322 epasso
1077 3245 1177 3303 ventri

186 3342 283 3384 carum
299 3324 406 3402 prosit,
430 3332 458 3384 et
478 3324 547 3382 airis
564 3341 635 3385 vcro
650 3325 741 3402 prosit
757 3343 820 3386 cam
835 3326 916 3402 pauis
930 3329 1063 3405 portione
1077 3343 1178 3406 acqua

184 3408 278 3468 tritum
302 3425 340 3468 ex
358 3407 424 3466 rino
445 3416 542 3486 potum
558 3416 657 3468 contra
674 3409 780 3468 reatris
794 3407 922 3470 dolores.
969 3410 1052 3490 pellit
1067 3420 1096 3472 at
1114 3411 1177 3472 uri·
