2552 3866
336 185 416 232 unu.
433 183 524 232 mse.
540 183 639 230 xum.
655 179 776 234 ea-ss.
793 171 944 253 (tt—to.)
1103 177 1157 237 151

120 349 245 416 tectum,
273 339 374 418 paucis
388 353 457 398 mox
473 337 553 398 horis
574 353 664 395 saevo
686 335 776 396 imbre
793 340 996 401 vaticinatione
1014 343 1118 421 adpro·

121 425 197 485 bata.
228 423 296 501 quin
319 424 403 482 immo
422 431 451 482 et
465 420 650 482 harundinem
674 421 807 482 nonnisi
830 423 1004 500 inpendente
1023 427 1120 504 pluvia

122 510 181 568 seri
197 507 295 567 hubent
314 514 343 564 et
359 505 459 582 fruges
480 508 645 566 insecuturo
666 503 768 564 imbre.
799 505 985 583 quamobrem
1003 510 1120 570 ethaeo

121 592 252 652 breviter
268 591 446 666 attingimus,
464 589 582 649 scrutati
596 605 727 647 maxume
742 590 925 667 pertinentia,
942 592 1120 672 primumque

97 693 140 736 aa
157 676 221 735 sole
247 674 393 752 capiemus
420 673 583 752 praesagia.
622 671 713 732 Purus
737 673 834 731 oriens
853 683 939 751 atque
962 691 1020 734 non
1044 677 1162 742 ier-342

120 777 193 840 vens
207 775 344 818 serenum
355 757 433 817 diem
448 759 572 831 nuntiat,
598 764 627 815 at
641 755 789 816 hibernam
803 756 928 834 pallidus
944 759 1119 836 grandinem.

121 844 151 903 si
166 851 196 902 et
211 841 317 902 occidit
332 840 425 919 pridie
440 857 561 900 serenus
575 848 605 898 et
617 841 717 915 oritur,
733 848 811 900 tanto
828 843 937 900 certior
954 843 1026 903 lides
1041 862 1120 904 sere·

120 927 226 1002 nitatis.
260 941 405 986 concavos
423 926 520 984 oriens
539 922 651 1002 pluviae
667 924 819 1002 praedici-t,
835 924 912 984 idom
927 936 1041 1004 uentos,
1058 945 1121 987 cum
1221 945 1225 959 ¹

122 1019 189 1070 ante
205 1011 384 1069 exorientem
400 1027 465 1068 eum
479 1008 572 1067 nubes
586 1006 759 1082 rubescunt,
783 1007 861 1087 qnod
878 1009 902 1067 si
916 1019 945 1068 et
958 1012 1059 1088 nigrae
1075 1029 1123 1070 ru·.

86 1113 113 1156 no
123 1093 257 1153 bentibus
271 1094 480 1154 intervenerint
495 1101 523 1152 et
538 1091 660 1169 pluvias.
706 1109 769 1150 cnm
785 1091 946 1152 occidentis
962 1100 1011 1154 aut
1026 1097 1119 1155 orien-

121 1179 158 1240 tis
174 1177 245 1237 radii
259 1177 392 1236 videntur
407 1177 504 1251 coire,
532 1175 655 1253 pluvias.
689 1176 713 1234 si
731 1177 809 1234 circa
824 1176 1004 1250 occidentem
1020 1179 1162 1242 nube-343

7 1323 10 1332 ,
118 1269 205 1322 scunt
220 1260 330 1335 nubes,
359 1261 545 1320 sere-nitatem
565 1258 653 1318 futuri
669 1259 726 1318 dici
748 1259 901 1338 spondent.
933 1262 958 1319 ei
972 1263 1000 1321 in
1017 1272 1119 1322 exortu

121 1353 295 1424 spargentur
319 1347 426 1423 partim.
443 1344 479 1404 ad
505 1351 632 1402 austrum
652 1344 754 1420 partim
780 1342 816 1402 ad
841 1344 1021 1424 aquilonem,
1048 1365 1120 1425 pura

122 1431 200 1490 circa
219 1447 284 1489 eum
300 1429 444 1488 serenitas
459 1430 496 1489 sit
510 1427 590 1502 licet,
606 1427 731 1504 pluviam
747 1435 841 1490 tamen
855 1438 1017 1508 ventosque
1032 1431 1119 1508 signi·
1204 1479 1207 1488 .

87 1512 258 1572 athcabunt.
290 1513 363 1572 siin
385 1522 449 1572 ortu
470 1520 519 1573 aut
539 1512 692 1570 inoccasu
714 1512 854 1570 contracti
870 1522 1024 1572 cernentur
1036 1514 1119 1590 radii,

120 1595 251 1656 imbrem.
284 1597 309 1654 si
331 1598 360 1654 in
375 1613 482 1656 occasu
503 1597 565 1654 clus
587 1594 668 1672 pluet
688 1602 735 1652 aut
756 1593 828 1652 radii
846 1593 950 1654 nubem
970 1598 998 1655 in
1014 1615 1047 1656 se
1064 1607 1119 1658 tra·

121 1681 201 1754 hent,
227 1695 360 1756 asperam
374 1680 403 1736 in
416 1691 586 1756 proxumum
601 1677 678 1738 diem
690 1685 891 1754 tempestatem
909 1678 1118 1754 significabunt.

123 1781 187 1840 eum
204 1763 316 1820 oriente
334 1761 406 1821 radii
419 1778 477 1820 nou
492 1761 626 1821 inlustres
642 1758 814 1838 eminebtmt,
836 1763 964 1840 quamvis
981 1763 1162 1833 circum1344

122 1848 207 1908 datae
223 1844 315 1905 nubes
331 1862 389 1904 uon
409 1845 481 1921 sint,
503 1844 627 1922 pluviam
650 1843 831 1922 portentent.
862 1845 973 1906 niente
989 1855 1119 1906 exortum
1233 1907 1242 1918 ,

88 1929 216 1994 aonnbes
239 1928 450 2006 globabuntur,
476 1929 599 1989 hiemem
625 1945 759 2007 asperam
783 1927 994 1991 denuntiabunt.
1031 1931 1055 1990 si
1083 1930 1118 1991 ab

124 2023 190 2075 ortu
203 2013 384 2090 repellentur
399 2021 429 2072 et
448 2013 485 2072 ad
503 2029 637 2072 occasum
653 2011 785 2088 abibunt,
806 2014 999 2074 serenitatem.
1028 2016 1053 2074 si
1069 2033 1117 2074 nn·

123 2099 177 2158 bes
197 2095 292 2158 solem
312 2093 554 2172 circumcludant,
585 2105 695 2173 quanto.
711 2095 803 2155 minus
823 2095 934 2156 luminis
955 2098 1119 2176 relinquent

124 2190 202 2242 tanto
224 2179 366 2240 turbidior
386 2188 544 2258 tempestas
565 2180 635 2254 erit,
663 2171 687 2238 si
709 2179 780 2237 v‘ero
801 2180 887 2238 etiam
913 2179 1022 2256 duplex
1039 2182 1118 2242 orbis

124 2265 220 2339 luerit,
248 2281 284 2323 eo
300 2265 436 2324 atrocior.
467 2263 544 2343 quod
559 2263 584 2324 si
600 2265 628 2321 in
643 2271 747 2322 exortu
761 2269 809 2322 ant
823 2263 851 2322 in
865 2279 973 2322 occasu
988 2262 1048 2337 liet,
1063 2267 1160 2336 ita345
1176 2275 1180 2303 ¹

87 2348 328 2409 contrabescam
349 2347 457 2422 nubes,
484 2365 614 2411 maxuma
636 2347 805 2407 ostendetur
824 2353 992 2423 tempestas.
1021 2347 1119 2416 sinon
1240 2341 1241 2348 '

123 2431 270 2493 ambibunt
284 2431 338 2492 sed
362 2430 542 2506 incumbent,
571 2449 589 2490 a
610 2447 791 2509 quocumque
812 2438 899 2490 vento
924 2430 1030 2490 luerint
1055 2447 1118 2492 eum

124 2515 316 2596 portendent,
341 2517 366 2579 si
390 2533 407 2575 a
433 2516 570 2590 meridie,
600 2523 629 2575 et
653 2513 782 2575 imbrem.
820 2514 845 2574 si
871 2514 967 2573 oriens
990 2515 1118 2592 cingetur

125 2599 214 2674 orbe,
238 2617 276 2660 ex
291 2617 347 2678 qna
362 2608 444 2678 parte
457 2600 484 2658 is
499 2616 533 2659 se
548 2601 641 2676 aperit
654 2596 843 2675 exspectetur
856 2604 968 2657 ventus.
992 2599 1024 2658 si
1041 2607 1116 2658 totus

124 2682 278 2744 deduxerit
293 2683 464 2761 aequaliter,
487 2683 671 2741 serenitatem
686 2680 772 2740 dabit.
800 2683 824 2740 si
839 2681 868 2740 in
886 2691 992 2754 exortu
1010 2682 1097 2759 longe
1109 2689 1160 2746 346

90 2766 223 2826 aoradios
252 2781 306 2843 per
333 2766 416 2826 nubis
443 2765 575 2844 porriget
602 2774 632 2824 et
652 2765 763 2823 medius
788 2765 844 2824 erit
862 2765 967 2840 inanis,
993 2765 1118 2843 pluviam

126 2849 309 2927 significabit.
332 2851 365 2909 si
380 2860 444 2910 ante
464 2857 556 2909 ortum
572 2847 643 2907 radii
658 2865 691 2909 se
708 2847 870 2923 ostendent,
885 2865 990 2926 aquam
1005 2857 1034 2908 et
1048 2865 1125 2906 ven«

126 2943 194 2992 tum.
229 2934 254 2992 si
270 2933 347 2992 circa
364 2933 546 2994 occidentem
567 2931 704 2990 candidus
725 2931 848 2990 circulus
867 2932 937 3007 erit,
963 2931 1056 2988 noctis
1076 2929 1117 2990 le·

32 3029 35 3038 ’
126 3035 191 3076 vem
206 3025 424 3095 tempestatem,
448 3019 472 3078 si
491 3014 614 3090 nebula,
639 3015 902 3091 vehementiorem,
928 3015 954 3072 si
977 3013 1134 3088 candente

89 3177 91 3182 ,
126 3102 208 3177 sole,
231 3109 362 3176 ventum,
386 3100 411 3158 si
426 3109 488 3160 ater
503 3099 628 3160 circulus
644 3098 745 3175 fuerit,
773 3115 811 3157 ex
825 3115 881 3177 que
895 3097 1016 3174 regione
1031 3097 1056 3156 is
1072 3115 1117 3157 ru·

91 3186 202 3264 ceperit
218 3202 251 3242 se
265 3193 380 3243 ventum
395 3200 536 3262 magnum.

134 3319 138 3326 .
189 3269 272 3347 (79.)
288 3267 429 3328 Proxuma
445 3269 501 3327 sint
511 3270 577 3327 iure
592 3267 676 3328 lunae
691 3268 853 3346 praesagia.
883 3265 1018 3340 Quartam
1033 3275 1096 3326 eam
1107 3270 1159 3328 347
1223 3281 1229 3287 ·
1267 3295 1268 3306 κ

126 3370 256 3412 maxume
272 3350 409 3412 observat
425 3353 586 3429 Aegyptus.
609 3351 633 3409 si
648 3350 803 3428 splendens
819 3359 920 3411 exorta
935 3367 1006 3428 puro
1024 3350 1117 3408 nitore
1215 3385 1223 3398 ·

126 3435 221 3512 fulsit,
241 3436 442 3511 serenitatem,
471 3435 497 3493 si
511 3433 683 3508 rubicunda,
705 3442 824 3511 ventos,
844 3434 869 3494 si
883 3435 981 3512 nigra,
1003 3433 1116 3512 pluuias
