2538 3864
158 163 219 227 278
485 139 794 221 c.en1u1suor'run1
890 187 894 197 «

155 333 244 392 densa
269 349 307 392 ex
329 328 454 390 adverso
478 330 553 388 inter
573 345 624 404 se,
650 326 733 399 radix
754 326 842 388 nulla.
887 327 1037 390 umbrosas
1059 337 1159 407 petras

155 418 356 495 parietumque
371 414 543 492 aspergines
565 411 737 472 ac'iontium
750 428 883 479 maxume
906 423 1013 492 specus
1030 415 1160 492 sequitur

156 510 185 559 et
206 517 277 558 saxa
290 499 456 574 manantia,
486 496 565 575 quod
585 497 735 572 miremur,
763 513 827 556 eum
854 513 943 574 aquas
966 514 1024 556 non
1044 499 1158 558 sentiat.

112 582 294 646 coorientur
304 599 321 640 e
333 598 459 662 corpore
474 583 545 641 mire
557 575 641 658 pellit
652 580 833 658 lrangitque,
849 581 948 660 ntique
961 583 1088 665 nigrum,¹
1105 599 1172 660 qua-

154 668 191 728 de
208 684 294 727 causa
309 667 504 744 potiusquam
521 663 598 744 quod
612 664 641 723 iu
656 663 735 723 saxis
751 673 950 730 nasceretura
964 667 1071 726 nostris
1086 667 1187 734 saxi-5

64 751 70 756 '
154 753 267 828 lragum
280 749 458 828 appellatum
473 747 655 809 crediderim.
695 746 834 808 bibituro
852 751 920 828 vino
937 759 1070 829 quantum
1087 751 1161 810 terni

154 835 333 912 decerpsere
360 833 450 910 digiti.
492 833 600 892 urinam
622 833 714 908 cient,
738 835 916 911 serpentium
938 843 967 895 et
991 841 1163 896 araneorum

154 919 274 980 venenis
290 920 444 994 resistunt,
467 917 496 977 in
511 919 578 977 vino
595 914 711 980 decocti
733 917 829 977 alvom
845 920 957 982 sistunt.
991 919 1093 997 capitis
1109 919 1161 978 do·

154 1003 234 1063 lones
255 1019 364 1064 corona
379 1005 420 1062 ex'
439 1003 473 1078 iis
489 1001 582 1062 sedat.
623 1010 725 1062 contra
740 1002 956 1081 scolopendrae
970 1021 1084 1064 morsus
1099 1003 1162 1063 iuli-

154 1096 275 1162 nuutur,
299 1087 404 1147 crebro
420 1085 571 1148 auferendi
592 1104 629 1145 ne
652 1093 804 1167 perurant,
826 1087 883 1147 hoc
906 1097 937 1148 et
957 1089 985 1149 in
1005 1089 1160 1168 alopeciis.
1173 1110 1196 1151 ro

157 1173 279 1231 strumas
302 1171 456 1231 discutiunt
475 1171 661 1248 lurluresque
684 1171 712 1230 in
733 1169 811 1241 ,facie
835 1181 864 1232 et
890 1174 1003 1251 capitis*
1020 1175 1163 1234 manantia

112 1254 264 1318 deulcera.
302 1253 456 1314 decoctaun
480 1273 518 1314 ex
540 1254 585 1313 his
607 1253 729 1330 prodest
749 1255 916 1331 suspiriosis
939 1249 1112 1320 etiocine‘ri
1133 1267 1163 1318 et

156 1339 223 1398 lieni
239 1345 268 1395 et
281 1335 352 1394 felle
365 1336 493 1395 subfusis
502 1337 739 1413 enhydrcpieis:
769 1341 948 1413 stranguriae
962 1340 1119 1402 inlinuntur
1133 1351 1162 1400 et

153 1419 271 1480 renibus
287 1436 351 1478 curu
367 1417 519 1478 absinthio.
553 1418 696 1478 secundas
719 1421 796 1494 cient
811 1428 839 1479 et
854 1431 1009 1482 menstrua.
1043 1427 1161 1502 sangui·

153 1521 218 1563 nem
236 1502 339 1563 sistunt
362 1511 575 1562 exaestuant
599 1501 662 1562 rubi
686 1519 756 1582 suco
780 1505 851 1582 potiss
897 1506 1021 1568 inientes
1042 1526 1195 1588 quoquere

154 1586 315 1648 exulcerati
330 1595 530 1665 perunguntur
545 1605 584 1648 ex
598 1587 635 1646 iis.
649 1604 713 1646 cum
728 1603 853 1648 rosaceo
870 1599 899 1667 et
914 1591 981 1652 vino
997 1594 1085 1671 prius.
1117 1594 1161 1653 lo-

153 1673 221 1734 lium
236 1673 265 1730 iu
279 1672 361 1732 urina
375 1671 457 1751 pueri
474 1669 607 1750 inpubis,
624 1672 721 1732 tritum
737 1672 852 1751 quidem
868 1675 930 1734 cum
942 1676 1115 1754 aphronitro
1130 1687 1162 1739 et

153 1756 262 1816 inlitum
273 1757 366 1816 ventri
377 1755 527 1815 mulierum
541 1773 578 1815 ne
589 1773 713 1832 rugosus
730 1755 779 1816 liat
791 1769 942 1837 praestare
958 1761 1069 1821 dicitur.
1092 1779 1160 1839 per·

48 1861 51 1866 ·
128 1883 130 1888 a
153 1839 235 1906 dices
253 1849 282 1900 et
302 1839 481 1917 gallinaceos
497 1841 691 1918 pugnaciores
707 1839 770 1900 lieri
786 1851 885 1920 putant
903 1845 932 1902 in
948 1844 1041 1904 cibum
1058 1863 1159 1926 eorum

154 1923 276 1997 additis,
294 1924 456 2000 pecorique
472 1941 539 1982 esse
555 1923 733 1983 utilissimos.
1169 1945 1194 1986 uo

111 2015 145 2070 66
217 2005 267 2065 22.
293 2005 377 2085 (31.)
399 2005 490 2066 Pieris
505 2006 542 2066 ab
558 2007 661 2084 insigni
674 2009 860 2070 amaritudine
876 2015 1111 2089 cognominatur,
1128 2022 1159 2072 ut

110 2089 140 2130 ²¹·
154 2087 187 2122 ¹⁰⁵
203 2087 339 2162 diximus,
362 2089 434 2149 lolio
449 2090 582 2151 rotundo.
620 2091 698 2152 tollit
717 2093 820 2152 eximie
840 2113 988 2158 verrucas.
1021 2096 1159 2158 Thesium

153 2175 270 2249 quoque
290 2188 350 2232 non
371 2173 502 2234 dissimili
522 2175 707 2235 amaritudine
723 2185 783 2252 est,
806 2178 860 2238 sed
872 2189 977 2258 purgat
992 2181 1104 2257 alvom,
1128 2182 1159 2240 iu

26 2317 31 2336 Ι
153 2257 334 2332 quemusum
349 2258 450 2317 teritur
466 2277 504 2317 ex
519 2262 602 2334 aqua.
659 2289 661 2308 =
787 2315 788 2320 ,

109 2347 143 2402 oi
214 2338 298 2417 (32.)
317 2339 516 2419 Asphodelum
533 2340 569 2400 de
587 2342 753 2402 clarissimis
770 2343 996 2423 turbaremus
1011 2349 1087 2426 quod
1104 2349 1156 2409 he·
1168 2371 1193 2411 us

55 2473 63 2492 ,
103 2488 107 2496 ,
151 2440 233 2482 roum
253 2423 341 2499 aliqui
360 2425 589 2502 appellaverint,
609 2424 755 2485 Hesiodus
777 2437 806 2487 et
824 2431 852 2489 in
873 2431 954 2492 silvis
976 2435 1056 2491 nasci
1071 2432 1156 2510 dixit,

150 2505 306 2579 Dionysius
333 2523 440 2566 marem
462 2523 497 2567 ac
517 2507 649 2570 feminam
669 2527 752 2585 esse,
783 2513 906 2590 delectis
929 2516 1103 2595 corporibus
1126 2527 1158 2578 et

49 2645 51 2652 ,
152 2587 302 2667 phthisicis
318 2597 431 2669 constat
448 2587 553 2650 bulbos
575 2593 637 2650 eius
655 2611 718 2652 oum
734 2596 826 2656 tisana
848 2597 989 2666 decoctos
1004 2602 1157 2678 aptissime

151 2670 227 2745 dari,
242 2686 403 2748 panemque
419 2691 457 2734 ex
469 2674 505 2733 iis
517 2689 583 2734 cum
597 2675 688 2737 iariua
702 2678 830 2750 subactis
842 2681 1060 2745 saluberrimum
1073 2703 1156 2745 esse.

151 2751 296 2813 Nicander
310 2762 339 2813 et
354 2763 453 2817 contra
467 2761 614 2838 serpentis
630 2778 664 2820 ac
685 2765 857 2843 scorpiones
872 2766 922 2825 vel
938 2768 1048 2828 caulem
1066 2787 1155 2846 quem
1166 2795 1193 2837 aa

109 2862 138 2904 a,
150 2861 183 2897 m
199 2835 375 2899 anthericum
391 2844 565 2902 vocavimus
572 2844 621 2904 vel
636 2863 735 2905 semen
751 2847 799 2906 vel
818 2847 921 2909 bulbos
943 2851 1022 2912 dedit
1037 2852 1066 2910 in
1083 2855 1154 2914 vino

108 2919 239 2980 lintribus
251 2921 394 2983 drachmis
407 2925 621 3004 substravitque
636 2945 737 2989 somne
750 2940 850 2991 contra
865 2931 919 2992 bos
932 2931 1041 2995 metus:
1064 2937 1154 2998 datur

151 3012 180 3062 et
197 3015 298 3065 contre
314 3016 456 3068 venenata
470 3011 577 3070 marina
591 3020 621 3070 et
642 3022 741 3072 contra
764 3013 974 3094 scolopendras
989 3023 1151 3081 terrestris.

150 3087 271 3148 cocleae
281 3091 352 3150 mire
365 3093 394 3150 iu
407 3090 561 3171 Campania
575 3095 687 3155 caulem
699 3114 762 3156 eum
772 3109 963 3174 persecuntur
974 3112 1004 3163 et
1016 3106 1153 3180 sugendo

149 3171 316 3233 arefaciunt.
334 3175 403 3234 lolia
419 3192 534 3255 quoque
548 3177 701 3240 inlinuntur
711 3191 916 3244 venenatorum
927 3186 1095 3247 volneribus
1111 3176 1194 3256 exus

147 3254 230 3330 vino,
251 3253 330 3316 bulbi
345 3260 442 3318 nervis
465 3261 650 3340 articulisque
674 3281 737 3322 cum
754 3265 870 3342 polenta
888 3270 962 3329 tunsi
984 3271 1151 3335 inlinuntur.

147 3337 268 3411 prodest
283 3347 313 3398 et
327 3342 452 3402 concisis
466 3363 503 3404 ex
516 3347 603 3406 'aceto
618 3345 747 3408 lichenas
767 3348 890 3427 lricare,
911 3353 978 3412 item
998 3355 1152 3419 ulceribus

36 3487 40 3492 ¹
147 3422 380 3493 putrescentibus
400 3442 438 3486 ex
453 3430 697 3508 aqnaiupuuere,
722 3448 901 3495 mammarum
918 3454 1034 3517 quoque
1058 3450 1089 3500 et
1104 3451 1151 3502 te·
