2552 3866
192 182 255 246 206
564 184 594 234 0.
611 182 708 230 PLINI
723 180 872 232 succum
893 200 896 204 ·

195 299 364 428 potionibus
380 361 435 423 per
455 358 522 402 rura
551 340 677 400 innatant
697 344 726 396 et
745 337 774 396 in
803 306 991 397 condimentis
1012 334 1208 414 peculiarem

194 431 314 510 gratiam
330 428 447 489 habeut.
477 433 632 504 praetcrea
654 419 877 482 oculis'inlitum
898 437 962 480 cum
981 418 1086 495 melle,
1107 419 1145 478 ita
1160 428 1189 478 ut

194 514 315 575 subinde
327 513 481 573 foveantur
495 506 620 568 ferventi
635 521 708 566 suco
720 504 848 581 decocti,
865 503 990 582 aliisque
1000 502 1189 564 membrorum

195 598 346 678 epiphoris
362 613 416 675 per
432 613 465 654 se
481 593 575 652 tritum
591 597 639 650 aut
656 605 719 648 cunr
736 605 811 666 pane
830 587 880 648 vel
895 587 1014 666 polenta
1036 588 1188 666 inpositum

193 683 264 743 mire
280 681 440 742 auxiliatur.
472 677 575 756 pisces
586 689 714 750 quoque,
731 673 755 731 si
770 679 925 749 aegrotent
938 672 967 730 in
979 671 1107 750 piscinis,
1123 671 1186 748 apio
1198 686 1229 729 s.
1256 651 1257 690 ¹

151 777 203 832 113
214 765 297 826 viridi
316 770 495 826 recreantur.
527 775 628 818 verum
648 755 725 834 apud
746 756 875 816 eruditos
899 773 957 818 non
983 755 1060 816 aliud
1081 762 1190 814 erutum
1256 801 1257 822 ,

140 861 142 870 ·
193 860 272 910 terra
287 851 317 910 in
329 849 439 910 maiore
457 841 662 906 sententiarum
678 839 819 900 varietate
835 847 889 898 est.
914 839 1096 916 distinguitur
1108 856 1188 898 sexu

194 933 375 1012 Chrysippus
396 931 530 991 feminam
552 942 620 985 esse
643 924 712 984 dicit
737 922 928 1000 crispioribus
950 923 1029 984 foliis
1050 931 1080 982 et
1103 923 1191 997 duris,

194 1035 294 1079 crasso
316 1014 417 1090 caula,
440 1027 546 1090 sapore
568 1009 630 1070 acri
650 1018 680 1068 et
699 1006 828 1083 fervido,
849 1006 1006 1083 Dionysius
1024 1006 1191 1084 nigriorem,
1256 1051 1257 1056 ,

183 1100 337 1162 brevioris
351 1096 469 1172 radicis,
484 1091 660 1155 hermiculos
671 1093 848 1169 gignentem,
864 1090 1221 1152 amboneutnrmadci·1o

191 1184 246 1244 bos
265 1181 486 1254 admittendum,
509 1181 594 1238 immo
616 1177 731 1237 omnino
747 1174 847 1252 nefas,
863 1194 928 1238 uum
950 1176 980 1236 id
994 1175 1194 1236 defunctorum

193 1265 286 1346 epulis
301 1262 441 1326 feralibus
453 1263 577 1324 dicatum
589 1277 670 1334 esse,
685 1260 764 1319 visus
776 1275 893 1335 quoque
905 1259 1028 1319 claritati
1041 1259 1193 1320 inimicum.
1256 1255 1257 1272 ¹

150 1361 201 1414 114
214 1348 297 1408 caule
319 1346 444 1406 feminae
466 1341 644 1404 vermiculos
666 1341 766 1417 gigni,
791 1341 919 1417 ideoque
936 1357 989 1400 eos
1009 1343 1057 1418 qui
1082 1341 1197 1401 ederint

192 1431 392 1506 sterilescere,
409 1429 497 1489 muris
512 1425 687 1499 seminasse,
704 1425 733 1482 in
750 1423 915 1501 puerperiis
930 1440 1002 1484 vero
1019 1423 1055 1484 ab
1072 1439 1108 1482 eo
1127 1425 1198 1484 cibo

193 1515 344 1577 comitialis
360 1513 424 1574 lieri
439 1513 487 1592 qui
501 1509 593 1572 ubera
606 1508 748 1571 hauri-unt.
774 1506 1004 1568 innocentiorem
1015 1516 1111 1568 tamen
1124 1524 1199 1568 esse
1208 1524 1227 1562 15

110 1616 121 1624 ‘
191 1617 310 1662 marem.
341 1605 435 1676 eaque
458 1612 545 1658 causa
566 1601 611 1654 est
634 1610 671 1652 ne
687 1593 762 1651 inter
776 1589 906 1651 nefastos
921 1591 1018 1652 lrutex
1033 1591 1197 1651 damnetur.

193 1701 376 1746 mammarum
391 1682 523 1744 duritiam
542 1678 673 1755 inpositis
689 1675 768 1736 loliis
784 1675 903 1735 emollit.
937 1676 1087 1736 suaviores
1104 1692 1200 1752 aquas

151 1782 203 1836 115
213 1770 295 1850 potui
316 1768 459 1828 incoctum
480 1770 618 1843 praestat.
662 1777 733 1822 suco
759 1777 890 1820 maxume
916 1759 1022 1820 radicis
1044 1776 1108 1819 cum
1127 1759 1197 1818 vino

193 1852 354 1915 lumborum
379 1849 498 1914 dolores
518 1847 644 1924 mitigat,
669 1842 772 1904 eodem
791 1845 853 1903 iure
869 1841 1006 1904 instillato
1023 1843 1198 1921 gravitatem

195 1938 311 1999 andum.
336 1934 446 1994 semine
463 1927 573 1992 urinaur
589 1931 656 2006 ciet,
673 1937 818 1991 menstrua
834 1943 870 1987 ac
881 1926 1024 1988 secundas
1039 1936 1139 2005 partus
1155 1935 1196 2003 at,
1206 1944 1228 1983 no
1255 1949 1256 1958 ¹

195 2023 220 2080 si
238 2019 392 2079 foveantur
409 2017 518 2078 semine
541 2014 686 2090 decocto,
708 2010 863 2089 suggillata
879 2010 975 2071 reddit
995 2011 1098 2071 colori.
1129 2028 1198 2070 cum

196 2103 243 2163 ovi
265 2102 332 2162 albo
353 2101 462 2162 inlitum
482 2107 529 2160 aut
549 2117 587 2159 ex
608 2114 682 2176 aqua
698 2104 811 2156 coctum
829 2103 986 2174 potumque
1001 2093 1122 2155 renibus
1135 2113 1197 2154 me·

196 2187 290 2264 detur,
306 2188 335 2247 in
349 2184 453 2263 frigida
470 2184 566 2243 tritum
581 2183 641 2242 oris
663 2178 819 2244 ulceribus.
852 2196 951 2239 semen
972 2197 1035 2239 curn
1056 2179 1123 2238 vino
1145 2178 1199 2238 vel

195 2271 277 2333 radix
293 2289 356 2330 curn
370 2269 462 2330 veteri
476 2269 543 2327 vino
559 2266 678 2325 vesicae
699 2263 829 2323 calculos
849 2262 991 2341 frangunt.
1024 2281 1124 2324 samen
1146 2262 1197 2322 da-

195 2365 241 2416 tur
261 2362 290 2414 et
305 2354 432 2432 arquatis
448 2369 485 2412 ex
501 2351 567 2408 uino
584 2347 662 2408 albo.
1205 2363 1230 2402 2,

155 2477 206 2532 115
265 2463 348 2540 (45.)
369 2463 534 2540 Apiastrunr
547 2457 676 2534 Hyginus
693 2457 806 2535 quidem
826 2457 1076 2537 melissophyllum
1092 2457 1197 2537 appel·

98 2561 101 2568 '
198 2549 248 2619 lat,
271 2545 324 2604 sed
345 2549 373 2606 in
394 2542 529 2603 confessa
550 2541 729 2621 damnatione
754 2549 799 2600 est
812 2549 983 2601 venenatum
1003 2543 1031 2602 in
1050 2542 1199 2603 Sardinia.

197 2627 380 2792 Ioppheerplennada
394 2628 467 2687 enirn
485 2634 550 2685 sunt
565 2625 657 2685 omnia
670 2643 708 2684 ex
720 2623 822 2685 eodem
848 2625 963 2684 nomine
975 2625 1050 2705 apud
1063 2624 1199 2686 Graecos

154 2847 206 2904 117
265 2838 347 2918 (46.)
372 2836 550 2912 Olusatrum,
567 2836 643 2914 quod
659 2833 871 2914 hipposelinum
885 2843 1006 2910 vocant,
1023 2835 1231 2902 adversatura

93 2973 101 2999 ,
197 2917 410 3001 scorpionibus.
446 2929 516 2998 poto
532 2919 641 2979 semine
658 2917 826 2978 torminibus
842 2925 872 2976 et
883 2917 1039 2978 interaneis
1049 2918 1199 2996 medetur,

197 3008 265 3067 item
283 3003 500 3068 difficultatibus
513 3004 611 3062 annae
626 3019 727 3079 semen
740 3002 801 3062 eius
817 2999 971 3066 decoctum
982 3020 1021 3065 ex
1033 3001 1127 3063 rnulso
1141 2995 1199 3081 p'o·

195 3099 264 3174 tum.
296 3089 378 3150 radix
393 3088 456 3147 eius
471 3089 499 3146 in
511 3086 577 3146 vino
594 3085 717 3146 decocta
732 3084 860 3146 calculos
879 3084 963 3163 pellit
980 3095 1010 3146 et
1031 3085 1202 3148 lumborum

198 3192 232 3234 ac
247 3173 346 3234 lateris
364 3171 492 3235 dolores.
524 3171 601 3230 oanis
621 3169 730 3230 rabiosi
748 3169 890 3229 morsibus
911 3177 1010 3248 potum
1033 3179 1062 3230 et
1082 3170 1201 3230 inlitum

196 3256 337 3316 medetur.
364 3273 450 3316 sucus
466 3254 528 3314 eius
546 3253 668 3330 algentis
681 3251 816 3313 calefacit
830 3260 925 3331 potus.
955 3263 1085 3332 quartum
1096 3273 1200 3332 genus
1210 3281 1233 3322 :u

198 3357 235 3398 ex
258 3339 361 3400 eodem
383 3338 469 3420 aliqui
489 3337 596 3397 iaciunt
614 3336 823 3413 oreoselinum‚
845 3336 970 3415 palmum
992 3337 1050 3399 alto
1072 3337 1200 3417 frutice,

197 3430 279 3481 recto
297 3423 406 3483 semine
424 3422 536 3482 cumino
552 3420 653 3495 simili,
676 3420 774 3482 urinae
790 3429 820 3480 et
834 3421 986 3482 menstruis
1002 3422 1117 3484 aihcax.
1138 3421 1199 3484 he·
