2538 3864
318 218 902 296 unn.1s1sr.xx11.aa-aa.(to-ao.)
985 201 992 212 ⁸
1056 215 1118 282 185

114 385 217 446 liuram
238 377 275 444 ad
296 371 460 462 purgandas
483 381 585 442 volvas
606 382 819 462 pellendosque
842 392 988 444 emortuos
1011 369 1118 462 partus.

113 470 291 529 decocuntur
305 468 334 526 in
350 467 418 525 rino
431 465 499 526 albo
520 475 550 526 et
564 466 702 547 odorato,
717 476 748 528 at
769 465 884 527 bibatur
899 484 1033 528 mensura
1053 485 1119 528 ace·

9 573 10 624 i
60 609 68 620 ,
112 549 204 612 tabuli
227 568 243 609 a
263 549 397 612 balineis.
426 549 509 610 radix
531 550 653 628 prodest
673 551 788 612 arteriis
805 552 1005 629 exasperatis,
1028 549 1119 613 colle·

9 639 10 666 1
113 628 255 694 ctiouibus
275 632 422 712 sauguinis
436 634 576 709 inlinitur,
603 633 656 695 sed
673 635 702 696 in
721 633 794 696 cibis
810 635 999 713 concoquitur
1020 651 1119 712 aegre.

90 718 274 791 uinllationes
294 717 365 778 iacit
386 726 416 777 et
432 725 546 796 ructus,
568 719 666 780 urinae
687 736 805 797 quoquo
823 719 929 793 noxia,
957 718 1120 795 suggillatis

8 867 9 876 ,
114 819 178 862 cum
196 804 263 862 uino
287 812 316 862 at
337 801 406 862 oleo
427 803 599 864 amicissima
615 811 723 862 etcum
738 819 807 862 cera
826 803 950 864 strumis.
979 816 1120 862 verrucae

8 883 9 898 ³
112 885 193 946 sedis
208 884 356 948 crebriore
371 887 433 948 cius
448 885 551 946 suilitu
564 886 676 952 cadunt.
959 883 961 887 ’

177 969 262 1048 (49.)
281 969 372 1032 beser
387 969 526 1048 esilplnio'
541 969 688 1049 proluens
707 986 763 1047 quo
780 968 903 1029 diximus
921 967 1007 1029 modo
1030 968 1161 1033 interlui

7 997 9 1108 1
113 1053 219 1114 eximia
229 1062 349 1114 naturae
360 1053 437 1114 dona
447 1063 625 1114 numeratum
636 1053 774 1133 plurumis
787 1052 1035 1131 conpositionibus
1050 1055 1090 1112 in-
1098 1051 1126 1094 11·
1139 1049 1163 1086 ⁴⁸

7 1115 9 1148 '
78 1139 104 1182 ¹⁰
114 1139 236 1213 seritur,
256 1155 312 1216 per
334 1155 368 1197 se
388 1145 483 1198 autam
504 1137 623 1215 algores
645 1137 815 1212 excalfacit,
844 1144 943 1214 potum
964 1153 1119 1196 neruorum

112 1221 181 1282 uitia
202 1228 362 1284 extenuat„
379 1221 492 1282 lerninis
515 1220 600 1282 datur
620 1223 649 1282 in
667 1223 750 1299 vino,
772 1230 802 1280 et
823 1220 895 1281 lanis
910 1219 1047 1284 mollibus
1067 1220 1119 1281 ad·

112 1313 244 1366 movetur
263 1304 369 1365 volvae
391 1304 426 1365 ad
448 1322 563 1364 menses
584 1304 715 1366 ciendos.
750 1304 853 1383 pedum
874 1305 975 1367 clavos
999 1303 1119 1367 111111111-
1216 1367 1217 1378 ,

113 1387 294 1466 scariphatos
310 1388 389 1450 ferro
404 1389 522 1448 mixtum
538 1403 625 1448 cerae
647 1387 782 1450 extrahit.
814 1390 923 1448 urinam
941 1390 998 1448 ciet
1015 1389 1127 1453 ciceri

113 1471 306 1546 magnitudino
330 1472 457 1534 dilatum.
487 1472 620 1533 Andreas
643 1471 770 1552 spondet
790 1473 940 1550 copiosius
955 1482 1097 1551 sumptum
1109 1480 1161 1535 101

79 1560 104 1600 ¹⁵
114 1571 168 1614 nec
185 1553 347 1614 inflationes
361 1555 462 1616 iacere
479 1564 508 1614 at
527 1557 709 1616 concoctioni
721 1554 880 1634 plurumum
892 1556 1027 1616 conferre
1043 1557 1118 1616 seni·

5 1603 7 1658 1
113 1637 167 1698 bus
179 1645 209 1696 et
220 1635 350 1712 leminis,
365 1639 432 1698 item
447 1637 543 1698 bieme
554 1651 639 1716 11111111
649 1645 761 1698 aestate
773 1638 887 1714 utilius,
905 1648 934 1698 et
946 1649 1004 1698 tum
1017 1656 1119 1718 aquam

110 1719 286 1785 bibentibus.
313 1720 470 1784 carendum
486 1739 527 1782 ne
538 1738 594 1799 qua
607 1722 646 1780 sit
656 1721 835 1782 exulceratio
851 1724 936 1782 intus.
962 1721 1007 1782 ni
1023 1723 1118 1798 aegri·

112 1805 211 1870 tudine
236 1804 410 1864 recreationi
441 1803 547 1869 ellicax
565 1805 595 1864 in
618 1803 700 1882 cibo,
728 1808 901 1883 tempestive
928 1807 1001 1866 enim
1024 1807 1118 1867 detrun

4 1935 5 1948 ,
114 1889 297 1950 cauterivim
314 1889 440 1966 optinet,
458 1883 586 1948 adsuetis
607 1889 691 1950 etiam
712 1889 808 1952 utilius
830 1907 914 1968 quam
938 1889 1117 1970 expertibus.

77 1969 223 2034 aranea
243 1987 397 2050 corporum
422 1970 594 2032 indubitatas
617 1973 820 2034 confessiones
840 1973 956 2035 babent.
986 1979 1160 2035 venenandi
1263 2041 1264 2048 ,

4 2129 5 2138 ,
113 2056 238 2118 telorum
254 2063 283 2117 et
297 2056 471 2134 serpentium
487 2057 643 2132 exstinguit
663 2064 770 2134 potum.
806 2075 845 2120 ex
860 2075 933 2136 aqua
947 2056 1117 2118 volneribus
1190 2060 1198 2078 ³

4 2141 5 2146 ’
112 2139 162 2200 bis
172 2138 387 2216 circumlinitur,
403 2141 587 2218 scorpionum
599 2140 809 2218 tautumplagis
820 2158 860 2202 ex
874 2141 953 2217 oleo,
969 2140 1116 2203 ulceribus

112 2241 185 2285 vero
201 2240 258 2285 non
269 2223 527 2284 maturescentibus
544 2241 607 2284 curn
618 2224 709 2286 larino
720 2223 884 2286 hordeacea
896 2224 945 2286 vel
956 2224 1012 2285 lico
1027 2227 1116 2300 sicca,

113 2304 296 2369 carbunculis
313 2323 378 2369 cum
393 2316 457 2368 ruta
475 2307 524 2367 vel
541 2325 605 2371 cum
620 2305 708 2368 melle
723 2306 771 2368 vel
792 2325 846 2386 per
862 2326 895 2372 se
916 2309 998 2370 risco
1014 2325 1115 2386 supcr-

4 2401 5 2410 ’
77 2391 193 2452 1111111111
206 2400 238 2450 ut
253 2391 382 2452 baereat.
400 2392 443 2452 sic
457 2400 486 2450 et
499 2391 536 2452 ad
547 2393 759 2470 canismorsps.
788 2391 1027 2452 excrescentibus
1039 2392 1116 2452 circa

4 2479 5 2554 i
113 2473 213 2534 sedem
233 2492 296 2536 cunr
318 2475 446 2553 tegmine
466 2475 562 2552 punici
583 2474 649 2536 mali
667 2493 705 2534 ex
726 2483 811 2534 aceto
833 2474 1000 2551 decoctum,
1025 2475 1115 2534 clauis

114 2557 162 2636 qui
175 2557 264 2636 uolgo
279 2559 420 2621 morticini
435 2558 616 2637 appellantur
636 2560 713 2634 nitro¹
728 2559 827 2620 mixto.
857 2559 1004 2638 alopecias
1019 2560 1093 2620 nitro
1107 2567 1159 2624 loc

113 2650 179 2702 ante
198 2640 333 2702 subactas
346 2642 443 2721 replet
458 2659 522 2701 curn
536 2643 603 2702 vino
619 2650 649 2702 et
664 2658 754 2702 croco
768 2651 816 2704 aut
830 2644 933 2722 pipere
949 2662 984 2704 ac
996 2643 1115 2704 murium

91 2747 93 2754 ·
114 2725 180 2786 iimo
201 2733 230 2784 et
249 2733 343 2785 aceto.
375 2727 532 2804 perniones
555 2743 592 2786 ex
611 2727 677 2784 uiuo
699 2725 781 2785 louet
805 2734 835 2785 et
856 2744 893 2786 ex
916 2727 983 2788 oleo
1002 2735 1115 2789 coctam

78 2810 276 2888 aoinponitur,
296 2809 339 2868 sic
361 2817 391 2868 et
410 2808 497 2869 callo.
528 2807 618 2868 clavis
640 2806 745 2885 pedum
760 2811 923 2886 superrasis
941 2810 1115 2889 praecipuae

114 2893 251 2956 utilitatis.
286 2900 387 2952 contra
400 2910 490 2972 aquas
503 2891 608 2967 malas,
631 2890 793 2970 pestilentis
806 2899 913 2954 tractus
927 2893 975 2954 111
992 2892 1071 2966 dies,
1086 2894 1115 2951 in

112 2978 200 3056 tussi,
222 2994 293 3052 ura,
314 2975 392 3036 lellis
413 2977 505 3038 reteri
526 2973 710 3050 sublatione,
730 2970 897 3056 hydropisi,
918 2973 1113 3052 raucitatibus,

115 3060 268 3122 confestim
282 3059 357 3120 enim
374 3069 478 3137 purgat
498 3060 590 3120 faucis
611 3075 773 3136 vocemque
792 3060 896 3120 reddit.
927 3059 1072 3138 podagras
1086 3060 1115 3118 in

114 3159 247 3222 spongea
262 3142 378 3202 dilutum
395 3159 486 3221 posca
501 3143 579 3203 lenit.
609 3142 767 3221 pleuriticis
783 3144 812 3201 in
826 3142 984 3206 sorbitione
999 3143 1093 3202 uiuum
1106 3152 1155 3206 105
1258 3173 1260 3214 2

78 3245 105 3288 as
114 3229 227 3307 poturis
243 3226 339 3302 datur,
362 3226 623 3302 contractionibus,
645 3223 865 3304 opisthotonicis
886 3229 990 3288 ciceris
1006 3227 1113 3304 magui·

114 3309 212 3372 tudine
224 3327 295 3381 ,cera
311 3309 507 3374 circumlitum.
537 3311 566 3372 in
583 3311 688 3387 angina
702 3311 908 3387 gargarizatur.
941 3310 1112 3374 anhelatori-

114 3393 168 3454 bus
189 3402 220 3454 et
240 3394 269 3454 in
289 3395 360 3454 tasai
379 3401 493 3454 vetusta
513 3411 575 3454 cum
590 3410 679 3473 porro
696 3411 733 3452 ex
748 3402 831 3454 aceto
847 3395 1057 3474 datum-aeque
1074 3412 1113 3464 ex

116 3486 200 3542 aceto
215 3477 259 3539 lris
274 3477 322 3557 qui
337 3476 489 3554 coagulum
500 3476 582 3538 lactis
593 3476 765 3538 sorbuerint.
789 3478 1025 3557 praecordiorum
1037 3475 1113 3538 uitiis
