2538 3864
182 189 243 254 288
303 170 309 182 ’
541 200 680 282 cerum
694 199 845 252 succum

183 375 269 418 causa
285 355 347 420 dari
362 358 391 418 in
407 356 512 432 ieme,
529 359 595 418 item
610 357 775 418 articulario
792 355 895 436 morbo
917 365 947 416 et
967 373 1122 425 nervorum
1136 345 1189 420 'in-
1245 387 1246 398 ¹

183 441 315 504 firmitate
332 440 529 505 laborantibus
546 450 576 500 et
589 440 759 503 mulieribus
777 442 834 500 uini
849 437 1008 506 abstemiis.

141 535 192 589 116
266 525 350 604 (55.)
371 524 468 586 llellis
484 534 602 588 naturae
618 526 731 586 adnexa
746 542 815 586 cera
830 533 892 600 est,
915 524 952 584 de
968 525 1049 586 cuius
1063 525 1186 602 origiue,
1216 527 1221 536 “
1245 543 1246 548 ’

138 607 169 693 {13
180 608 204 684 ἐξ
216 608 360 690 bonitate,
375 608 537 674 nationibus
553 609 612 684 suis
627 609 702 668 locis
717 607 848 671 uenus.
862 610 958 672 omnis
975 617 1069 671 autem
1084 609 1187 686 mollit,

181 691 333 768 calefacit,
353 693 455 771 explet
471 691 612 771 corpora,
632 691 865 764 recensmeliur.
887 691 1013 768 mturin
1026 689 1213 762 sorbitiones

182 775 386 854 dysintericis,
398 777 515 856 leuique
528 778 586 855 ipsi
601 777 630 836 in
647 775 726 854 pulte
745 777 839 838 alicae
856 777 1057 857 prius‘tostae.
1082 775 1188 840 edver-

182 869 261 922 satur
282 860 364 933 lactis
379 869 516 936 1111111,
528 878 572 922 «ac
586 859 648 930 mili
661 859 856 938 magnitudine
871 861 973 921 decem
988 877 1079 938 grana
1099 877 1188 920 cerae

180 943 282 1008 bansta
303 963 369 1006 non.
382 947 526 1024 patiuntur
545 944 696 1021 ¹coagulari
719 941 765 1007 lae
786 944 815 1005 in
838 943 997 1022 stomacho.
1035 946 1060 1008 si
1082 945 1189 1022 inguen

180 1037 303 1104 tumeat,
320 1028 415 1092 albam
432 1047 528 1098 ceram
543 1031 574 1100 in
590 1027 667 1108 pube
686 1027 785 1090 fiumse
797 1027 933 1096 remedio
945 1037 1000 1110 est.

139 1119 188 1176 lli
264 1111 348 1191 (56.)
366 1113 432 1182 Nee
441 1113 524 1174 buius
536 1131 606 1174 usus
617 1129 693 1191 quos
702 1115 792 1178 mixta
803 1111 1009 1191 aliispraestat
1017 1129 1187 1176 enumerare
1199 1129 1222 1169 ro

181 1198 274 1274 possit
297 1195 457 1272 medicina,
484 1197 645 1270 sterticen
666 1205 830 1258 ceterorum
851 1214 925 1276 quae
941 1195 1091 1256 cumaliis
1117 1212 1187 1272 pro·

139 1298 172 1334 me
182 1287 255 1342 eunt.
288 1278 358 1352 isla,
374 1288 405 1338 ut
420 1280 558 1353 diximus,
580 1281 703 1354 ingeniis
719 1287 859 1354 constant.
889 1296 948 1342 non
962 1279 1034 1340 iecit
1050 1287 1185 1354 ceratum,

175 1361 365 1438 malagmata,
391 1361 560 1438 emplastra,
582 1359 722 1434 collyria,
743 1361 870 1420 antidota
892 1378 998 1438 pareus
1017 1360 1067 1422 illa
1089 1380 1124 1422 ac
1144 1361 1185 1420 di·

179 1447 244 1503 vina
264 1460 360 1502 rerum
382 1443 503 1518 artilex,
523 1439 704 1512 artensium
717 1440 809 1517 baec,
826 1443 915 1524 immo,
927 1444 1026 1506 verius
1048 1447 1186 1506 avaritiae

181 1536 341 1590 commenta
362 1535 435 1591 sunt
467 1533 590 1594 naturae
609 1525 724 1603 quidem
747 1541 839 1604 opera
856 1525 991 1602 absoluta
1013 1535 1100 1607 atque
1119 1548 1222 1608 per-15

180 1611 258 1675 lecta
280 1613 450 1690 gignuntur,
472 1611 573 1690 munis
595 1627 633 1670 ex
654 1627 758 1686 causa,
785 1626 843 1671 non
859 1627 897 1672 ex
914 1611 1083 1683 coniectura
1098 1612 1184 1672 rebus

124 1690 128 1716 ⁹
181 1697 356 1776 adsumptis,
378 1705 410 1757 ut
429 1712 502 1756 suco
522 1694 621 1773 aliquo
636 1693 716 1772 11111
730 1702 928 1772 temperentur
942 1695 979 1756 ad
995 1705 1119 1769 meante,
1135 1704 1186 1754 aut

138 1789 190 1846 118
200 1797 324 1858 corpore
342 1780 399 1840 alio
414 1780 538 1844 umentia
553 1778 589 1840 ad
603 1778 696 1838 nixus.
715 1779 893 1856 scripulatim
911 1779 1026 1856 quidem
1041 1778 1186 1856 colligere

180 1883 215 1926 ac
228 1866 353 1928 miscere
368 1863 438 1927 viris
450 1880 508 1924 non
523 1863 708 1925 coniecturae
721 1861 859 1930 hnmanae
874 1862 1185 1941 opus‚·sed.inpuden·

179 1949 237 2008 tiae
262 1957 316 2006 est
351 1963 406 2008 nos
431 1965 486 2008 nec
511 1945 672 2016 indicarum
697 1943 1107 2026 Arabicarumquemercium
1134 1956 1225 2008 auten

180 2030 292 2090 externi
308 2030 388 2095 orbis
404 2031 567 2108 attingimus
583 2029 749 2092 medicinae
776 2045 834 2092 nou
847 2029 965 2109 placent
976 2031 1112 2092 remediis
1128 2040 1189 2092 tarn

181 2113 269 2191 longe
286 2115 526 2191 nascentiaqnon
541 2112 624 2176 nobis
638 2114 808 2190 gignuntur,
832 2115 917 2176 inmo
932 2134 969 2179 ne
984 2115 1041 2181 illis
1057 2115 1187 2193 quidem,

179 2197 290 2277 alioqui
302 2216 360 2260 non
375 2199 546 2262 venderent²
572 2197 693 2258 odorum
708 2213 794 2261 causa
807 2208 1075 2280 unguentorumque
1090 2209 1120 2260 et
1135 2200 1187 2262 de-

166 2281 325 2358 liciarum,
339 2284 366 2342 si
379 2283 492 2361 planet,
504 2282 591 2358 etiam
605 2281 819 2360 superstitionis
831 2284 923 2360 gratia
935 2293 1079 2359 emantur,
1092 2300 1186 2364 quon-

178 2365 234 2428 iam
256 2374 318 2428 tura
339 2367 542 2446 ,supplicamus
566 2374 595 2426 et
620 2373 713 2426 costo.
750 2363 873 2428 salutem
894 2366 1008 2446 quidem
1030 2367 1094 2426 sine
1120 2369 1185 2430 istis
1197 2387 1223 2426 ns

181 2467 269 2527 possa
278 2458 425 2592 uqonstare
438 2449 487 2512 vel
499 2447 536 2512 nb
552 2448 581 2510 id
596 2447 782 2528 probabimus
801 2458 832 2510 ut
846 2451 1031 2527 teutomagis
1050 2452 1095 2511 sui
1111 2443 1185 2514 deli·

181 2535 275 2611 ciasp
316 2541 372 2595 eat.
905 2581 907 2586 .

138 2625 189 2679 119
263 2615 346 2692 (57.)
369 2615 430 2676 Sed
444 2613 602 2679 medicinas
618 2633 634 2676 e
649 2614 769 2678 floribus
787 2619 1058 2696 coronamentisque
1069 2627 1100 2678 et
1114 2619 1182 2679 hor·

85 2740 89 2745 -
179 2699 279 2758 teneiis
305 2715 438 2779 quaeque
461 2699 627 2762 mandantur
648 2699 758 2762 herbae
782 2701 930 2778 persecuti
952 2719 1075 2780 quonam
1094 2701 1181 2762 modo
1242 2731 1243 2734 ¹

104 2849 114 2868 s
177 2783 291 2861 frugum
305 2781 480 2848 omittimus?
500 2785 630 2846 nimirum
645 2793 676 2844 ct
689 2783 741 2844 bas
756 2783 883 2847 iudicare
901 2786 1063 2847 conveniat.
1084 2785 1131 2844 25.
1146 2783 1179 2842 ln
1190 2808 1220 2850 ³0

179 2869 277 2946 primis
292 2870 502 2946 sapientissima
524 2866 685 2928 animalium
704 2885 772 2927 esse
791 2875 915 2930 constat,
927 2887 1007 2948 quae
1022 2869 1105 2944 iruge
1128 2884 1178 2925 ve·

178 2958 303 3014 scantur.
332 2950 461 3029 Siliginis
474 2969 564 3030 mana
583 2950 731 3010 combusta
746 2959 775 3011 et
793 2952 858 3014 trita
871 2969 942 3012 cum
961 2952 1028 3014 vino
1045 2952 1179 3026 Amineo,
1241 2977 1242 3071 q

180 3035 271 3096 oculis
287 3034 366 3096 inlita
381 3033 537 3116 epiphoras
549 3033 667 3111 sedant,
692 3034 776 3096 tritici
790 3051 861 3096 vero
875 3035 955 3098 ferro
973 3033 1121 3096 combusta
1143 3035 1180 3094 iis

139 3129 274 3196 linquae
289 3117 380 3196 frigus
396 3120 501 3180 usserit
519 3127 729 3197 praesentaneo
744 3118 957 3180 runtremedio.
976 3118 1078 3181 Farina
1093 3119 1181 3178 tritici

180 3220 217 3260 ex
231 3210 316 3274 aceto
334 3212 418 3264 cocta
431 3219 584 3264 neruorum
599 3201 860 3278 contractionibus,
884 3219 951 3262 cum
961 3221 1089 3266 rosaceo
1105 3219 1177 3262 vero
1190 3224 1223 3266 ss

126 3295 135 3308 ‘
180 3293 209 3342 et
224 3284 281 3342 lico
298 3286 375 3346 sicca
390 3285 541 3363 myxisque
560 3287 691 3348 decoctis
705 3284 831 3350 furfures
846 3287 970 3348 tonsillis
988 3287 1178 3366 faucibusque

66 3423 70 3442 ,
138 3396 143 3405 -
178 3366 408 3442 gargarizatione
420 3357 548 3447 prosudt.
563 3371 672 3430 Sextus
682 3369 856 3450 Pomponius
869 3373 1006 3450 praetorii
1017 3372 1069 3432 viri
1081 3379 1176 3447 pater,
1239 3389 1240 3414 t

178 3447 333 3528 Hispaniae
357 3452 499 3514 citerioris
521 3453 675 3532 princeps,
702 3471 766 3518 eum
788 3453 901 3516 borneis
923 3456 983 3517 seis
1004 3453 1178 3514 ventilandis
