2534 3866
317 197 398 246 usu.
409 197 500 250 assu.
515 199 599 248 xv11.
615 197 700 253 2-4.
720 186 834 274 (a-s.)
1028 194 1070 258 49

86 349 156 409 sole.
185 345 304 413 Couexa
314 359 343 410 et
355 353 426 410 situs
437 342 583 414 vinearum
594 354 831 434 arbustorumque
843 359 915 418 ratio
927 367 984 436 est,
994 377 1066 438 quas
1080 369 1112 424 to

18 435 19 442 ’
84 436 111 492 in
122 435 207 493 boras
220 433 345 494 debeant
353 444 496 513 spectare.
509 429 655 514 Vergilius
668 439 703 498 ad
715 455 837 500 occasus
849 442 907 499 seri
918 441 1068 518 damnavit,

18 547 20 596 p
72 517 169 596 'aliqui
182 520 225 578 sic
240 518 369 577 maluere
381 537 465 596 quam
478 521 507 580 in
522 530 634 580 exortu.
664 539 680 580 a
695 522 825 599 pluribus
840 525 987 584 meridiem
1002 545 1068 604 pro·

18 599 19 602 ’
83 601 142 660 bari
157 601 290 676 adverto,
305 619 360 661 nec
373 602 497 681 arbitror
510 614 681 684 perpetuum
695 606 847 683 quicquam
869 607 897 666 iu
911 607 967 666 hoc
986 627 1067 686 prae·

18 751 19 760 ἵ
63 686 139 768 scipi
154 700 256 762 posse.
272 684 317 744 ad
329 685 383 745 soli
399 695 536 762 naturam,
553 687 588 748 ad
602 687 660 748 loci
671 689 825 766 ingenium,
841 690 877 750 ad
889 691 963 751 caeli
977 693 1067 752 cuius·

18 795 19 800 *
83 787 137 848 que
151 785 248 828 mores
263 768 411 844 dirigenda
425 770 555 832 sollertia
571 780 625 832 est.
652 771 685 832 ln
696 771 795 833 Africa
809 773 956 834 meridiem
968 775 1066 836 vineas
1076 787 1110 840 bo

81 860 213 929 spectare
229 861 257 911 et
268 853 318 911 viti
330 853 443 929 inutile,
453 855 558 914 colono
570 855 716 915 insalubre
729 865 783 931 est,
791 857 924 935 quoniam
936 858 998 937 ipsa
1010 876 1068 918 me-

81 937 205 996 ridianae
219 933 350 996 subiacet
366 934 488 1015 plagae,
510 945 687 1017 quapropter
704 939 743 999 ibi
765 941 812 1018 qui
827 941 856 999 in
870 958 1005 1001 occasum
1020 951 1069 1002 aut

81 1020 293 1097 septentriones
319 1029 455 1080 conseret
478 1031 595 1099 optumo
616 1022 748 1082 miscebit
772 1019 864 1084 solum
881 1023 974 1084 caelo.
1005 1043 1068 1086 cum

18 1139 19 1146 κ
54 1115 74 1154 1⁰
82 1103 224 1180 Vergilius
238 1119 361 1164 occasus
371 1103 516 1181 inprobet,
532 1123 587 1164 nec
601 1104 638 1165 de
653 1108 849 1184 septentrione
861 1108 973 1186 reliqua
986 1108 1066 1169 dubi·

82 1189 148 1249 tatio
163 1185 285 1246 videtur.
317 1188 398 1266 atqui
410 1189 438 1246 ln
454 1188 593 1268 cisalpina
607 1188 687 1250 ltalia
698 1208 800 1266 magna
815 1209 852 1250 ex
872 1201 954 1270 parte
974 1193 1066 1253 vineis

80 1273 116 1330 ita
131 1273 233 1350 positis
251 1281 417 1349 conpertum
433 1283 478 1333 est
492 1273 584 1334 nullas
604 1291 671 1335 esse
687 1273 852 1334 fertiliores.
884 1274 1001 1335 Multum
1016 1295 1061 1338 ra·
1074 1287 1107 1342 m

35 1355 38 1362 ’
81 1357 161 1414 tionis
186 1355 315 1433 optinent
339 1365 369 1414 et
388 1358 476 1418 venti.
509 1359 537 1416 in
552 1355 732 1418 Narbonensi
753 1359 901 1438 prpvincia
922 1368 1007 1437 atque
1021 1358 1065 1420 Li·

18 1507 20 1520 *
80 1441 204 1515 goriaet
219 1447 301 1516 parte
313 1437 444 1499 Etruriae
459 1450 559 1502 contra
575 1443 691 1501 circium
706 1459 806 1500 serere
820 1444 951 1522 inperitia
968 1444 1065 1504 existi·

55 1517 376 1600 renaturleundemque
391 1522 515 1584 oblicum
534 1527 669 1602 accipere
688 1525 877 1603 providentia.
906 1528 1066 1606 isnamque

18 1655 19 1684 p
79 1615 203 1666 aestates
218 1605 257 1664 ibi
276 1615 427 1684 temperat,
444 1607 496 1668 sed
512 1617 589 1668 tanta
605 1607 774 1688 plerumque
789 1609 926 1669 violentia
941 1619 970 1668 ut
986 1611 1063 1670 aule-

18 1691 20 1760 l
78 1698 120 1750 rat
136 1698 223 1750 tecta.
253 1689 281 1750 3.
299 1689 417 1762 Quidam
434 1691 543 1752 caelum
557 1701 655 1752 terrae
671 1708 776 1768 parere
792 1700 913 1768 cogunt,
935 1701 966 1750 ut
988 1705 1106 1769 quaem

18 1763 20 1860 l
78 1776 104 1834 in
117 1774 203 1835 siccis
217 1782 347 1832 serantur
361 1776 502 1834 orientem
513 1794 548 1835 ac
559 1775 775 1852 septentriones
786 1783 931 1852 spectent,
947 1792 1020 1853 quae
1036 1778 1065 1862 ip

18 1871 20 1936 t
77 1857 346 1920 umidismeridiem.
372 1875 429 1916 nec
440 1875 495 1916 non
509 1877 546 1918 ex
556 1859 626 1937 ipsis
636 1857 740 1918 vitibus
750 1875 852 1918 causas
866 1866 1026 1930 mutuantur
1036 1861 1065 1918 iu

18 1945 20 1956 ¹
51 1959 70 1997 ao
79 1942 189 2019 frigidis
204 1942 356 2019 praecocis
372 1941 513 2016 serendo,
536 1951 565 2001 ut
586 1943 731 2002 maturitas
752 1942 904 2002 antecedat
923 1942 1063 2018 algorem,

18 2009 20 2092 l
77 2045 150 2104 quae
168 2042 252 2102 poma
267 2025 400 2102 vitesque
421 2041 517 2084 rorem
533 2026 660 2099 oderint,
687 2033 788 2086 contra
804 2034 899 2102 ortus,
925 2034 955 2084 ut
969 2027 1063 2086 statim

18 2131 19 2136 ¹
76 2111 187 2170 auferat
203 2108 259 2182 sol,
278 2125 351 2187 quae
367 2117 471 2182 ament,
487 2106 522 2167 ad
540 2123 662 2165 occasus
679 2108 728 2168 vel
743 2109 875 2168 etiamad
891 2112 1061 2186 septentrio·

75 2212 138 2266 nes,
153 2196 184 2252 ut
197 2192 300 2252 diutim
319 2207 355 2250 eo
370 2190 506 2250 fruantur.
537 2188 634 2249 Ceteri
650 2190 712 2252 lere
731 2192 868 2252 rationem
882 2199 998 2251 naturae
1013 2211 1058 2252 se·
1069 2207 1103 2260 aa

76 2279 131 2337 cuti
152 2278 181 2336 in
202 2274 366 2354 aquilonem
389 2274 529 2335 obversas
551 2273 617 2332 vitis
647 2280 676 2333 et
699 2272 819 2333 arbores
841 2272 908 2350 poni
931 2291 1059 2336 suasere.

50 2360 272 2422 recausationem
298 2360 381 2417 etiarn
411 2359 473 2418 lieri
500 2357 586 2418 talem
611 2356 733 2418 inustum
757 2355 940 2416 Democritus
971 2364 1068 2434 putat:

74 2446 100 2504 4.
117 2443 273 2523 Aquilonis
301 2444 384 2502 sitnm
408 2451 614 2522 ventorumque
639 2440 815 2521 reliquorum
843 2437 1102 2502 diximusseans

75 2528 168 2588 eundo
194 2525 355 2600 volumine,
389 2525 574 2602 dicemusque
591 2516 731 2602 proxumo
756 2522 838 2601 plura
854 2522 1001 2584 caelestia.
1015 2510 1101 2608 „2¹22

73 2612 187 2672 iuterim
200 2609 379 2668 manifestum
390 2607 502 2668 videtur
517 2606 690 2667 salubritatis
705 2615 909 2684 argumentum,
928 2609 1060 2686 quoniam

74 2697 100 2753 lu
119 2693 270 2754 snerldiem
291 2693 374 2751 etiam
391 2693 579 2768 spectantium
601 2707 716 2767 semper
741 2699 806 2749 ante
821 2689 955 2750 decidant
979 2691 1058 2751 folia.

48 2778 184 2838 aoSimilis
200 2784 231 2835 et
242 2776 270 2834 in
285 2776 430 2834 maritimis
446 2789 541 2834 causa.
567 2771 734 2850 quibusdam
748 2773 821 2833 loeis
837 2772 956 2833 adflatus
971 2774 1056 2834 maris
1067 2783 1103 2848 24,

74 2862 171 2935 noxii,
186 2861 215 2918 in
232 2858 368 2937 plurumis
382 2858 468 2917 iidem
482 2854 569 2914 alunt.
601 2853 768 2932 quibusdam
784 2855 853 2916 satis
872 2855 1058 2933 elonginquo
1128 2911 1133 2920 ,

75 2944 157 3022 adsp'
178 2943 322 3002 eremaria
335 2937 494 3014 iucundum,
506 2937 624 3016 propius
635 2939 781 3002 admoveri
793 2937 861 2998 salis
873 2937 986 3000 halitum
999 2940 1058 2998 inu·

18 2969 21 3088 l
75 3027 135 3087 tile.
188 3024 273 3086 imilis
285 3033 314 3085 et
324 3023 465 3082 lluminum
477 3031 697 3101 stagnorumque
712 3021 794 3081 ratio.
816 3020 927 3080 nebulis
940 3022 1059 3094 adurunt

75 3119 121 3170 aut
133 3109 291 3172 aestuantia
305 3106 486 3182 refrigerant.
515 3103 663 3183 Opaoitate
679 3113 765 3182 atque
781 3106 864 3164 etiam
880 3104 976 3179 rigore
989 3121 1057 3180 gau·

46 3193 144 3253 sedent
158 3209 235 3271 quae
252 3191 380 3250 diximus.
409 3207 496 3268 quare
512 3188 715 3267 experimentis
730 3195 845 3265 optume
862 3185 995 3247 creditur.
1040 3204 1099 3246 aare

134 3277 199 3355 (3.)
221 3273 248 3332 Α
264 3273 346 3335 caelo
358 3288 525 3350 proxumum
539 3279 583 3330 est
594 3278 689 3350 terrae
702 3271 808 3332 dixisse
823 3271 971 3346 rationem,
987 3270 1054 3332 baut
1063 3283 1098 3336 25

74 3355 207 3419 faciliore
228 3363 365 3429 tractatu,
389 3356 495 3434 quippe
512 3371 569 3414 nou
584 3353 683 3414 eadem
706 3352 855 3418 arboribus
878 3355 1011 3414 convenit
1028 3364 1057 3414 et

74 3438 205 3518 frugibus
215 3438 396 3518 plerumque,
408 3456 466 3498 neo
476 3437 554 3516 pulla
566 3436 678 3519 qualem
688 3437 775 3498 babet
788 3433 940 3578 Gamppnia
951 3437 1055 3518 ubique

115 3543 186 3584 rum.
199 3543 261 3588 nsr,
278 3540 347 3584 ursa.
361 3524 407 3579 111.
