2538 3864
294 220 376 267 uun.
392 213 483 268 ausu.
496 220 559 303 ¹xx.
576 217 695 272 ιι-ιι,
714 209 868 287 (oo-co.)
1022 207 1098 292 229¹

100 373 229 434 cervicum
245 372 379 447 duritias,
404 371 518 432 cerebri
535 372 714 436 membranas
734 374 846 450 mitigat
861 375 1084 438 iarina'semiais

97 459 160 516 nitro
173 465 220 516 aut
236 455 297 516 sale
318 464 366 516 aut
383 457 480 516 cinere
500 456 613 516 additis.
649 456 752 516 eadem
768 475 837 517 curn
846 457 903 517 lico
924 461 1085 536 parotidem
1119 479 1120 484 ¹

98 540 239 617 concoquit
255 555 290 598 ac
311 547 448 626 maturat,
473 556 537 600 oum
556 539 655 600 radice
671 557 743 600 vero
755 542 922 616 cucumeris
941 543 1085 605 silvestris

16 677 17 684 ,
97 623 207 684 extrahit
231 615 430 721 quaecumque
450 625 567 702 corpori
582 623 768 701 inhaereant,
795 626 838 684 sic
855 633 885 684 et
897 625 990 686 fracta
1006 645 1082 688 ossa.

74 725 206 786 oserpere
223 706 328 766 ulcus
320 724 349 765 ιιι
361 708 429 767 vino
448 707 569 790 decocta
582 707 734 786 prohibet,
755 669 929 788 eruptiones
944 709 1063 787 pituitae
1075 723 1125 778 251

95 810 151 852 curn
160 790 256 851 melle.
286 790 419 851 emendat
435 793 537 872 unguis
553 792 675 851 scabros
692 809 758 852 curn
773 793 937 871 parimodo
952 798 1083 872 nasturci,

16 891 19 948 ζ
93 876 196 936 testium
209 874 279 935 vitia
298 884 327 934 et
346 876 555 935 ramicescum
575 876 672 935 resina
693 884 723 935 et
736 893 831 936 murra
853 884 881 936 et
903 893 1085 954 gangraenas

93 978 126 1018 ex
139 975 224 1039 aqua,
247 957 388 1018 stomachi
403 959 521 1018 dolores
538 975 602 1018 cum
616 959 684 1018 leno
701 957 815 1019 Graeco
832 961 966 1021 sextariis
981 965 1084 1022 utrius-

17 1091 18 1094 ,
92 1061 143 1121 que
162 1042 320 1102 decoctis
311 1059 340 1100 m
363 1059 437 1120 aqua
461 1043 569 1119 mulsa,
597 1043 812 1119 intestinorum,
832 1043 967 1138 thoracis
989 1047 1084 1124 perni-

58 1145 82 1215 ιι
92 1129 163 1188 oiosa
178 1126 245 1185 vitia
259 1125 412 1200 clystere
403 1144 432 1184 ru
448 1127 518 1186 oleo
535 1135 582 1186 aut
596 1127 693 1187 melle.
775 1159 782 1172 =

106 1209 229 1288 (93)
256 1208 385 1269 Blitum
376 1227 454 1269 rners
469 1211 584 1270 videtur
598 1228 632 1270 ac
648 1211 709 1269 sine
726 1227 831 1289 sapore
847 1218 895 1269 aut
909 1212 1064 1276 acrimonia
1076 1225 1128 1277 252
1211 1296 1216 1305 ¹
1251 1293 1252 1302 ἵ

88 1294 158 1369 ulla,
183 1292 257 1352 unde
274 1294 434 1352 convicium
446 1293 558 1353 feminis
566 1293 646 1374 apud
658 1293 842 1354 Menandrum
857 1293 965 1354 iaciunt
981 1297 1084 1370 mariti.

88 1377 231 1437 stomacho
248 1377 348 1442 inutile
364 1386 418 1437 est.
447 1387 579 1437 ventrem
594 1377 668 1437 adeo
682 1377 776 1438 turbat
790 1387 821 1438 ut
834 1377 982 1438 choleram
998 1365 1122 1480 iaqiat

87 1461 193 1539 aliquis.
238 1460 341 1520 dicitur
365 1469 460 1521 tamen
488 1461 627 1521 adversus
655 1462 828 1540 scorpiones
854 1469 953 1540 potum
980 1465 1107 1524 evino

54 1565 77 1605 rs
88 1544 243 1622 prodesse,
274 1544 375 1604 clavis
384 1545 490 1622 pedum
511 1545 606 1621 inlini,
633 1546 701 1605 item
726 1545 850 1604 lienibus
872 1554 902 1604 et
925 1554 1086 1624 temporum

88 1627 178 1686 dolori
195 1644 232 1684 ex
248 1627 328 1686 oleo
360 1627 557 1724 Hippocrates
572 1590 718 1688 mhnstrua
738 1629 801 1688 sisti
818 1644 854 1686 eo
872 1628 936 1688 cibo
954 1639 1042 1728 putat.

133 1707 195 1768 23.
220 1708 303 1786 (94)
326 1707 470 1769 hleumin
488 1709 571 1770 ltalia
590 1711 717 1770 nonnisi
737 1723 762 1770 a
775 1711 895 1770 medicis
913 1714 1017 1772 seritur
1037 1723 1128 1778 staca

85 1796 128 1856 his
152 1791 303 1854 admodum
324 1794 433 1869 paucis.
470 1793 525 1853 duo
547 1811 658 1870 genera
682 1795 760 1854 eius:
787 1793 911 1853 nobilius
932 1795 1085 1856 Athaman·

85 1881 182 1940 ticum
187 1884 303 1951 vocant,
318 1875 360 1936 iili
375 1883 517 1975 tamquam
532 1877 567 1938 ab
583 1877 753 1938 Athamante
768 1879 927 1955 inventum,
953 1879 983 1939 hi
997 1897 1086 1979 quon-

47 1965 140 2026 aoiam
156 1955 410 2020 laudatissimum
402 1979 430 2019 nn
448 1959 616 2022 Athamante
638 1963 814 2041 reperiatur,
841 1962 919 2022 loliis
939 1972 1025 2024 aneto
1049 1966 1085 2038 si·

82 2045 152 2105 mile
176 2053 205 2102 et
226 2043 310 2102 caule
338 2043 491 2120 aliquando
513 2044 654 2123 bipedali,
676 2045 821 2107 radicibus
843 2047 938 2106 multis
961 2048 1100 2126 obliquis

82 2129 185 2206 nigris,
204 2126 371 2205 quibusdam
387 2127 460 2205 altis,
476 2130 567 2188 minus
582 2127 675 2188 ruium
690 2147 773 2208 quam
790 2129 860 2190 illud
876 2129 1006 2199 alterum.
1029 2134 1085 2192 uri·
1124 2181 1127 2184 .

82 2231 148 2272 nam
168 2212 226 2270 ciet
241 2211 270 2268 in
285 2226 359 2288 aqua
371 2219 469 2289 potum
488 2213 587 2273 radice
605 2213 671 2272 trita
685 2213 736 2272 vel
758 2211 890 2277 decocta.
924 2213 1085 2274 inflationes
1161 2241 1170 2251 ·’

82 2296 225 2358 stomachi
241 2295 313 2354 mire
331 2294 460 2372 discutit,
484 2297 553 2355 item
566 2296 686 2355 tormina
703 2304 732 2354 et
746 2297 863 2355 vesicae
877 2297 963 2371 vitia,
974 2305 976 2310 '
987 2296 1084 2358 volva·

44 2403 71 2444 aa
82 2398 206 2458 rumque
223 2378 351 2438 articulis
368 2395 431 2438 cum
444 2380 548 2456 malle,
571 2378 725 2440 infantibus
741 2397 804 2439 oum
819 2380 885 2457 apio
906 2379 1015 2439 inlitum
1029 2382 1086 2440 imo
1170 2447 1174 2451 ,

82 2465 181 2522 ventri
195 2464 289 2522 urinas
303 2470 411 2522 movet.

151 2546 235 2624 (95.)
258 2545 423 2606 Feniculum
438 2545 629 2607 nobilitavere
642 2553 794 2627 serpentes
810 2537 936 2624 gustatui,
952 2556 982 2606 ut
995 2546 1066 2621 dixi7
1078 2558 1130 2611 254

80 2649 164 2704 mus,
190 2637 336 2689 senectam
352 2631 485 2690 exuendo
500 2631 708 2710 oculorumque
725 2632 816 2690 aciem
833 2639 904 2690 suc'o
924 2631 986 2691 eius
1001 2632 1066 2691 reli·
1079 2631 1129 2674 ⁸2⁰⁸

38 2735 45 2751 ι
81 2712 210 2787 ciendo,
235 2712 310 2772 un'de
326 2714 504 2774 intellectum
524 2713 667 2774 hominurn
690 2731 806 2792 quoque
829 2713 980 2792 caliginem
1003 2733 1086 2793 prae·
1189 2778 1191 2782 f

42 2799 174 2876 aocipue
193 2812 228 2855 eo
249 2797 350 2856 levari.
382 2797 528 2874 colligitur
550 2797 598 2857 hic
620 2797 908 2874 caule-turgescente
925 2806 953 2856 et
974 2799 1003 2857 in
1023 2798 1087 2856 sole

79 2883 216 2942 siccatur
228 2880 448 2959 inunguiturque
463 2899 500 2940 ex
512 2881 643 2940 melle-
652 2880 758 2958 ubique
773 2881 830 2940 hoc
842 2889 942 2956 est—⁴,
952 2879 1087 2940 laudatis-

78 2965 176 3024 simus
197 2965 226 3022 in
241 2963 342 3030 lberia
357 2963 481 3024 lacrimis
504 2964 533 3024 iit
552 2974 581 3024 et
602 2983 618 3024 e
635 2981 743 3025 semme
760 2965 881 3024 recenti
913 2964 944 3023 iit
966 2972 1027 3024 ete
1041 2982 1086 3024 ra·
1139 2979 1178 3050 κ’

78 3045 201 3109 dicibus
216 3049 307 3125 prima
322 3047 529 3122 germinatione
544 3047 651 3126 incisis,
1099 3063 1106 3072 ·

150 3130 237 3210 (96.)
262 3129 345 3190 Est
336 3147 365 3189 nn
387 3130 444 3189 hoo
462 3149 573 3208 genere
600 3140 630 3190 et
655 3132 789 3192 silvestre
818 3128 895 3208 quod
918 3125 1066 3208 hippoma-
1078 3139 1130 3214 255

36 3214 217 3289 sciathum,
261 3214 308 3273 alii
335 3213 507 3288 myrsineum
535 3225 657 3291 vocant,
688 3215 766 3275 loliis
795 3213 967 3289 maioribus,
1003 3221 1087 3290 gustu

76 3299 222 3374 acriore,
263 3299 434 3383 procerius,
467 3298 561 3359 baculi
588 3300 792 3373 crassitudine,
829 3298 927 3357 radice
957 3295 1086 3357 candida.

75 3383 218 3443 nascitur
233 3381 262 3439 in
278 3361 378 3442 calidis
394 3381 446 3441 sed
461 3384 584 3442 saxosis
608 3382 728 3442 Diocles
744 3391 773 3442 et
787 3379 864 3441 aliud
878 3380 1089 3460 hippomarathi

75 3483 184 3544 genus
207 3463 338 3540 tradidit,
366 3464 454 3542 longo
480 3473 510 3524 et
536 3474 658 3544 angusto
678 3465 767 3541 lolio,
802 3466 911 3524 semine
934 3464 1087 3524 coriandri.
