2552 3866
158 140 223 204 200¹
262 160 264 170 ·
500 152 805 201 centumcentur

159 307 362 383 collectiones,
380 323 466 368 sucus
482 306 597 367 decocti
613 316 741 368 ventrem
756 308 853 384 solvit,
870 309 990 370 iocineri
1003 318 1032 370 et
1043 309 1161 370 renibus
1253 335 1254 376 ι

157 401 188 452 et
199 391 348 451 stomacho
361 391 491 469 prodest.
516 393 594 467 hem,
611 392 635 450 si
647 393 675 450 in
687 401 771 452 aoeto
784 392 974 471 decoquatur,
989 394 1088 454 urinae
1100 404 1161 454 tor·
1211 436 1215 440 -

155 475 229 544 mina
245 475 369 550 discutit,
386 477 454 535 item
469 475 599 534 morbum
612 473 724 551 regium
740 475 882 552 emulso,
905 478 929 536 si
945 479 1007 536 sine
1023 477 1097 538 iebri
1113 479 1159 538 sit.

156 561 283 620 vesicam
298 558 421 619 adiuvat.
455 558 604 618 mulierum
632 559 985 638 quidem'purgationibus
1008 562 1161 622 decoctum

157 645 185 702 in
198 661 271 721 aqua
286 642 360 703 adeo
379 642 500 721 prodest
516 649 546 699 ut
559 650 706 700 emortuos
720 652 818 720 partus
828 643 932 702 trahat.
965 643 1097 704 adiciunt
1101 643 1161 704 tta-
1170 659 1183 699 ι

157 729 215 804 gi·¹
196 743 274 786 suco
290 728 377 785 totius
392 743 455 786 cum
470 724 537 784 oleo
553 734 710 802 perunctos
730 725 952 788 favorabiliores
969 728 1032 786 lieri
1045 737 1074 787 et
1085 745 1201 805 quae

155 787 246 872 velint
266 809 380 870 facilius
402 811 568 887 impetrare.
606 809 683 886 quod
706 808 820 887 quidem
845 818 968 888 propter
985 811 1163 916 singularem

157 893 353 954 salubritatem
370 893 458 970 aliqui
474 891 611 951 chreston
626 892 783 972 appellant,
801 892 848 952 alii
860 897 1081 971 pancration·

75 986 80 995 '
114 989 149 1044 75
204 974 284 1056 (31.)
298 976 351 1036 Est
363 985 391 1035 et
405 975 539 1034 silvestre
551 993 655 1052 genus,
666 977 714 1037 alii
726 975 910 1055 hedypnoida
921 988 1037 1054 vocant,
1050 978 1162 1038 latioris

156 1063 217 1124 ioli.
247 1057 608 1120 stomachum‘dissolutum
624 1061 775 1137 adstringit
797 1069 881 1121 cocta
889 1062 1065 1140 ,crudaque
1087 1062 1162 1120 sistit
1172 1073 1197 1114 uo

156 1147 260 1208 alvom.
296 1151 325 1200 et
348 1140 531 1214 dysintericis
552 1144 689 1221 prodest,
713 1145 805 1220 magis
830 1161 894 1204 oum
916 1145 1004 1205 lente
1032 1154 1116 1223 rupta
1133 1153 1164 1204 et

157 1226 295 1290 convolsa
309 1233 432 1301 utroque
446 1244 556 1302 genere
570 1229 718 1303 iuvantur,
734 1228 802 1285 item
817 1229 950 1302 genitura
967 1214 1070 1306 quibus
1082 1229 1163 1288 vale·

149 1302 257 1372 thdirlls
273 1306 375 1367 morbo
392 1307 501 1368 effluat

114 1407 148 1460 76
222 1389 303 1476 (32)
325 1392 405 1451 Senis
427 1399 456 1450 et
477 1393 547 1491 ipsa·
564 1389 697 1450 lactucae
719 1391 861 1451 simillima
886 1391 1006 1457 duorum
1021 1411 1165 1470 generum

157 1488 216 1548 est:
232 1477 374 1536 silvestris
389 1474 512 1553 melior,
519 1476 601 1554 nigra
615 1475 670 1532 ista
692 1482 722 1532 et
741 1476 869 1550 aestiva,
892 1475 1020 1535 deterior
1039 1475 1164 1537 hiberna
1176 1499 1202 1539 ιι

157 1573 186 1624 et
202 1561 359 1623 candidior.
389 1569 510 1637 utraque
524 1575 635 1634 amara,
652 1558 801 1622 stomacho
817 1559 996 1635 utilissima,
1001 1561 1165 1638 praecipue

158 1665 243 1726 quem
257 1661 340 1705 umor
353 1652 451 1704 vexet.
483 1660 546 1703 cum
560 1651 644 1702 aceto
659 1642 688 1700 in
704 1641 769 1701 cibo
786 1641 962 1720 refrigerant
979 1644 1029 1703 vel
1050 1643 1163 1720 inlitae,

116 1740 149 1796 77
160 1731 371 1807 discutiuntque
388 1737 417 1787 et
431 1727 504 1787 alios
524 1744 608 1811 quam
623 1725 774 1786 stomachi.
803 1744 866 1786 cum
884 1726 1004 1806 polenta
1021 1727 1164 1786 silvestri·

159 1835 204 1877 um
219 1813 333 1874 radices
348 1811 490 1872 stomachi
506 1827 593 1871 causa
609 1810 779 1886 sorbentur,
802 1815 832 1868 'et
847 1809 988 1872 cardiacis
1009 1811 1164 1870 inlinuntur

158 1916 246 1977 super
258 1897 401 1955 sinistram
414 1911 571 1970 mammam,
587 1902 617 1954 et
631 1912 669 1953 ex
682 1902 779 1969 aceto,
796 1911 896 1956 omnes
908 1893 963 1956 bae
980 1903 1009 1954 et
1025 1894 1160 1973 podagri·
1171 1915 1199 1955 so

160 1984 201 2042 cis
213 1980 298 2039 utiles
315 1987 343 2038 et
348 1979 524 2056 sanguinem
541 1977 743 2054 reicientibus,
760 1978 827 2037 item
842 1978 945 2055 quibus
962 1980 1093 2077 ¹genitura
1109 1977 1161 2038 uu-

158 2074 196 2140 at,
214 2063 326 2122 alterno
343 2062 452 2122 dierum
467 2070 547 2143 potu.
581 2061 732 2121 Petronius
749 2060 908 2138 Diodotus,
926 2080 973 2140 qur
965 2062 1161 2138 'anthologu

158 2163 241 2207 mena
254 2147 387 2226 scripsit,
402 2147 430 2205 in
444 2155 534 2207 totum
549 2144 690 2206 damnavit
703 2145 791 2204 serim
804 2145 898 2206 multis
915 2146 1008 2206 modis
1022 2163 1161 2224 arguens,

159 2231 211 2292 sed
228 2231 348 2292 aliorum
365 2231 486 2290 omnium
504 2230 601 2308 opinio
619 2229 737 2288 resistit.
838 2247 839 2250 ¹
990 2271 994 2282 ,

117 2324 151 2382 78
222 2314 252 2376 9
274 2311 353 2396 (33.)
376 2313 527 2374 Brassicae
547 2313 648 2373 laudes
669 2312 786 2388 longum
806 2323 851 2373 est
881 2315 1019 2392 exsequi,
1046 2331 1111 2396 cunr
1130 2321 1198 2377 etse

160 2390 339 2475 Chrysippus
353 2397 481 2456 medicus
497 2396 629 2472 privatim
643 2395 779 2455 volumen
794 2415 824 2456 ιιι
814 2397 977 2468 dicaverit
993 2415 1046 2475 per
1062 2391 1162 2474 singu-

160 2484 188 2542 la
202 2476 329 2541 membra
344 2480 466 2541 hominis
484 2477 637 2556 digestum,
653 2488 682 2539 et
696 2478 861 2557 Dieuches,
877 2490 944 2541 ante
958 2480 1050 2540 omnis
1066 2489 1163 2541 autem

159 2564 358 2640 Pythagoras,
377 2571 406 2622 et
421 2560 493 2622 (lato
510 2580 567 2622 non
581 2563 696 2640 parcius
714 2563 924 2640 celebraverit,
944 2565 1027 2624 ouius
1045 2573 1163 2624 senten-

158 2651 225 2708 tiam
242 2645 291 2706 vel
307 2665 343 2706 eo
360 2647 524 2725 diligentius
535 2647 672 2725 persequi
685 2664 738 2724 par
752 2655 814 2723 cst,
830 2656 860 2705 ut
874 2657 1010 2708 noscatur
1028 2665 1083 2726 qua
1099 2665 1162 2706 me·

117 2730 251 2796 todicina
266 2746 334 2789 usus
353 2731 390 2791 sit
406 2731 485 2792 annis
514 2742 560 2790 no
575 2729 718 2790 Romanus
742 2729 875 2809 populus.
913 2729 944 2789 ln
967 2731 1017 2790 tris
1041 2731 1199 2808 speciesao

160 2815 285 2877 divisere
304 2833 366 2875 eam
382 2814 485 2876 Graeci
500 2813 700 2892 antiquissimi:
722 2815 855 2890 crispam,
872 2830 956 2892 quam
966 2812 1096 2873 selinada
1107 2829 1161 2871 vo-

159 2909 297 2960 caverunt
312 2917 328 2959 a
342 2898 523 2958 similitudine
539 2897 585 2974 api
603 2895 753 2972 loliorum,
769 2895 917 2956 stomacho
932 2895 1047 2972 utilem,
1064 2895 1162 2956 alvom

159 2983 271 3044 modice
286 2982 475 3055 mollientem,
489 2980 607 3039 alteram
620 2979 737 3053 heliam,
752 2978 817 3038 latis
831 2977 908 3041 ioliis
925 2979 1037 3040 ccaulc
1051 2996 1159 3040 exeun-

159 3064 246 3142 tibus,
263 3065 339 3126 unde
356 3062 506 3146 caulodem
523 3061 635 3158 quidam
658 3078 820 3136 vocavere,
843 3061 975 3126 nullius
966 3080 995 3120 ιιι
1015 3061 1159 3120 medicina

159 3149 303 3208 momenti.
333 3148 417 3208 tertia
429 3154 474 3205 est
488 3145 607 3228 proprie
619 3144 765 3223 appellata
777 3142 903 3220 crambe,
918 3144 1096 3206 tenuioribus
1112 3143 1157 3204 io·
1168 3165 1196 3208 ac

117 3253 119 3257 ⁴
159 3233 205 3292 liis
223 3238 252 3289 et
265 3227 440 3310 simplicibus
457 3213 705 3306 densissimisque,
728 3229 850 3288 amarior
869 3228 922 3288 sed
944 3228 1158 3290 efficacissima.

117 3312 235 3379 aoCato
253 3313 374 3392 crispam
390 3329 520 3373 maxume
541 3310 659 3390 probat,
686 3309 751 3370 dein
771 3311 866 3372 levem
887 3311 1042 3388 grandibus
1066 3310 1157 3392 loliis,

161 3395 244 3457 caule
258 3412 371 3474 magno.
404 3396 548 3474 prodesse
561 3394 646 3454 tradit
656 3394 759 3471 capitis
771 3394 931 3474 doloribus,
946 3395 1096 3456 oculorum
1108 3412 1157 3456 ca·
