2538 3864
76 181 78 186 ’
170 186 231 248 268
527 197 664 246 ernmu
682 197 832 248 sncunor
856 236 858 242 .

170 363 247 414 terra
263 362 292 413 et
312 353 414 414 altrice
430 353 499 431 ipsa
510 352 595 414 humo
611 361 640 412 et
654 352 816 412 humatione
835 351 921 412 etiam
935 352 1057 428 cedere,
1079 369 1167 431 quem
1251 375 1252 388 ¹

171 449 280 498 morem
296 438 470 497 etiamnunc
485 435 590 496 durare
606 436 682 514 apud
698 433 854 498 Germanos
870 435 944 496 scio.

133 519 160 584 '9
234 523 265 582 5.
289 521 351 600 (5.)
373 519 502 581 Donatus
519 529 564 579 est
579 537 615 580 aa
639 519 669 580 ln
689 521 803 580 Siccius·
822 519 961 580 Dentatus
976 517 1079 596 semel,
1103 535 1168 579 eum
1251 545 1252 570 l

172 605 279 665 civicas
294 603 524 684 quattuordecim
546 603 698 664 meruisset
712 602 966 682 depugnassetque
987 613 1056 661 cxx
1080 619 1167 680 proe-
1251 659 1252 668 ,

170 687 216 748 liis
235 705 351 768 semper
371 689 475 748 vietor.
506 694 584 746 tanto
601 688 692 746 rarius
712 696 757 747 est
776 696 953 746 servatorem
971 703 1052 744 unum
1068 702 1189 762 aser-n
1251 711 1252 720 ¹

171 773 243 832 vatis
259 771 369 832 donari.
402 770 514 848 quidam
528 771 718 848 imperatores
736 779 765 828 et
780 771 898 850 saepius
911 769 1006 830 donati
1021 777 1094 843 sunt,
1116 786 1168 828 ve·

171 855 223 915 luti
239 855 270 914 P.
286 853 393 914 Decius
411 853 476 914 idus
496 853 624 916 tribunus
644 853 762 914 militum
787 845 824 914 ab
847 855 995 929 exercitu,
1017 851 1109 930 altera
1130 851 1168 913 ab

171 938 215 998 bis
230 940 279 1016 qui
298 939 327 997 in
341 937 487 1017 praesidio
504 936 620 997 obsessi
634 930 761 1014 inerant,
783 946 888 1016 quauta
903 944 983 996 esset
997 937 1059 996 eius
1069 934 1169 1016 bono·

171 1022 217 1087 ria*
231 1021 388 1082 auctoritas
408 1022 561 1082 confessus
582 1021 739 1100 religioneq
763 1020 903 1098 siquidem
923 1020 1044 1082 donatus
1059 1017 1171 1078 bovem

84 1150 88 1157 1
172 1104 267 1165 album
287 1103 371 1164 lllarti
388 1105 535 1166 inmolavit
551 1113 580 1167 et
598 1115 711 1166 cantum
730 1105 825 1166 fulvos
842 1105 890 1184 qui
910 1105 937 1163 ei
951 1103 1063 1163 virtutis
1079 1118 1202 1162 causato

96 1208 109 1226 ·
172 1189 229 1248 dati
243 1188 357 1246 luerent
372 1188 454 1247 simul
469 1186 504 1248 ab
525 1186 666 1248 obsessis.
699 1189 746 1248 bic
764 1187 872 1248 Decius
893 1195 997 1264 postea
1013 1204 1046 1245 se
1064 1185 1170 1264 consul

130 1279 164 1332 10
174 1270 334 1350 Imperioso
352 1269 476 1347 conlega
502 1289 556 1348 pro
579 1274 701 1332 victoria
716 1272 841 1331 devovit.
874 1267 947 1330 Data
972 1277 1017 1328 est
1039 1277 1068 1328 et
1088 1286 1169 1330 ase·

171 1361 236 1414 netu
260 1351 428 1431 populoque
448 1353 594 1428 Romano,
617 1371 672 1430 qua
692 1353 823 1413 claritate
845 1352 913 1412 nihil
930 1351 1063 1429 equidem
1077 1353 1109 1412 in
1121 1370 1169 1410 re·

107 1440 112 1449 ²
172 1435 371 1502 bnsbumanis
388 1433 536 1504 sublimius
552 1435 643 1511 duco,
666 1435 756 1495 Fabio
773 1435 816 1496 illi
838 1435 886 1514 qui
903 1453 965 1495 rem
981 1451 1094 1494 omnem
1108 1435 1169 1496 llo·

170 1527 280 1580 rna'nam
304 1518 429 1578 restituit
452 1535 509 1578 non
533 1519 703 1598 pugnando,
727 1537 783 1578 nec
803 1519 895 1595 data„
913 1537 975 1578 cum
1000 1519 1169 1595 magistrum
1178 1536 1202 1576 15

108 1619 114 1632 ’
173 1606 298 1681 equitum
312 1611 347 1664 et.
361 1603 519 1664 exercitum
541 1603 602 1664 eius
621 1612 776 1664 servasset.
792 1637 835 1648 -
858 1610 925 1662 tunc
941 1603 1028 1662 satius
1048 1602 1101 1664 luit
1115 1618 1169 1662 no·

172 1688 247 1746 mine
269 1703 345 1747 novo
361 1687 503 1748 ¹coronari
528 1687 702 1766 appellatum
720 1695 829 1764 patrem
848 1685 884 1745 ab
906 1685 950 1746 bis
970 1703 1044 1765 qnos
1066 1702 1169 1745 serva·

172 1780 272 1848 verat,
286 1771 403 1834 -sed
417 1787 474 1849 qno
490 1771 595 1832 dietum
610 1779 655 1830 est
672 1787 815 1832 consensu
829 1769 986 1830 honoratus
1004 1768 1169 1830 est‘llanni·

173 1854 239 1914 bale
253 1847 335 1914 ltalia
350 1855 452 1933 pulso,
473 1871 546 1933 quae
563 1856 670 1914 corona
685 1853 778 1914 adhue
799 1853 860 1914 sola
880 1853 970 1931 ipsius
985 1854 1085 1932 imperi
1097 1869 1169 1914 ,ma-

78 1957 80 1962 ·
172 1936 254 2076 quibus
268 1939 393 2013 inposita
408 1946 452 1996 est
468 1946 516 2013 et,
538 1937 615 2015 quod
630 1937 778 2015 peculiare
799 1938 828 2021 ei
843 1945 905 2012 est,
926 1936 989 1996 sola
1004 1955 1020 1996 a
1034 1945 1094 1997 tota
1110 1934 1167 1995 lta·
1177 1953 1202 1993 ao

184 2020 209 2076 ia
225 2019 299 2078 data.

132 2110 164 2162 11
226 2101 266 2160 a.
287 2101 351 2180 (6.)
371 2102 490 2168 Praeter
503 2103 563 2163 hos.
578 2103 697 2179 contigit
711 2104 773 2162 erus
790 2119 915 2162 coronae
930 2102 1022 2162 bonos
1042 2099 1079 2160 Ill.
1099 2099 1168 2161 Cal²

173 2185 275 2261 purnio
291 2185 435 2245 Flammae
459 2185 569 2246 tribuno
586 2185 702 2245 militurn
718 2187 746 2244 in
770 2183 884 2262 Sicilia,
913 2187 1072 2244 centurioni
1092 2202 1168 2244 vero

172 2266 219 2325 uni
233 2267 269 2327 ad
284 2269 341 2330 hoo
357 2277 469 2346 tempus
488 2266 539 2328 Cn.
555 2267 671 2329 Petreio
691 2268 797 2331 Atinati
820 2266 963 2328 Cimbrico
986 2268 1075 2330 bello.
1107 2271 1168 2347 pri·
1203 2273 1205 2276 '

172 2367 246 2409 mum
261 2351 349 2429 pilum
363 2351 387 2410 is
406 2365 563 2428 capessens
578 2349 630 2409 snb
647 2349 747 2409 Catulo
764 2351 909 2412 exclusam
924 2350 959 2410 ab
972 2352 1054 2411 hoste
1070 2352 1202 2428 legio-m

172 2450 236 2491 nem
251 2449 329 2492 suam
351 2434 634 2497 hortatustribunum
649 2450 728 2492 suum
743 2434 916 2494 dubitantem
933 2453 986 2513 per
1000 2443 1095 2496 castra
1113 2434 1169 2502 ho-

172 2516 256 2574 stium
270 2533 421 2592 erumpere
436 2516 581 2575 interiecit
602 2515 803 2593 legionemque
823 2517 929 2577 eduxit.
959 2518 1074 2576 invenio
1089 2519 1170 2595 apud

172 2605 305 2658 auctores
322 2597 443 2668 eundem
457 2607 572 2675 praeter
587 2597 662 2658 bunc
677 2597 814 2659 honorem
834 2599 1011 2660 adstantibus
1025 2597 1171 2660 lllarioet

172 2675 274 2739 Catulo
291 2697 368 2739 coss.
386 2688 595 2758 praetextatum
610 2681 764 2742 inmolasse
782 2682 817 2742 ad
831 2681 975 2762 tibicinem
996 2683 1094 2742 ioculo
1113 2701 1169 2762 po-

131 2771 164 2823 12
179 2763 244 2821 sito.
272 2763 394 2841 Scripsit
411 2773 441 2824 et
456 2762 534 2824 Sulla
549 2764 672 2825 dictator
692 2766 728 2824 ab
748 2766 877 2825 exercitu
892 2782 925 2824 se
944 2783 1059 2844 quoque
1074 2767 1167 2828 dona·
1179 2785 1205 2826 ao

171 2848 227 2904 turn
243 2847 318 2925 apud
334 2846 438 2908 Nolam
455 2847 580 2923 legatum
595 2846 675 2906 bello
690 2845 830 2922 Illarsieo,
850 2848 935 2925 idque
952 2850 1037 2908 etiam
1050 2851 1078 2909 in
1095 2851 1170 2912 villa

116 2939 125 2959 ·
170 2945 222 2988 sua
237 2928 507 3007 Tusculana,·quae
530 2931 582 2991 luit
595 2939 699 3007 postea
721 2929 886 3006 Ciceronis,
912 2933 1013 3010 pinxit.
1046 2934 1171 3010 quodsi
1207 3004 1213 3016 ι

170 3027 272 3070 rerum
292 3022 351 3090 est,
379 3013 440 3073 hoc
462 3012 717 3076 exsecrabiliorem
742 3031 804 3072 eum
826 3015 962 3092 dixerim,
986 3015 1169 3095 quandoqui-

171 3093 235 3152 dem
261 3101 322 3154 ean'n
350 3095 437 3174 capiti
463 3113 514 3158 sno
534 3096 746 3175 proscriptione
772 3114 820 3160 sua
847 3099 911 3175 ipse
935 3099 1058 3160 detraxit
1084 3110 1169 3161 tanto

109 3197 112 3202 ·
169 3176 353 3253 paucioribus
388 3177 490 3236 civium
521 3180 643 3238 servatis
673 3195 754 3254 quarn
782 3188 884 3257 postea
912 3183 1027 3242 occisis.
1076 3185 1170 3244 addat
1180 3199 1206 3240 aa

171 3259 323 3323 etiamnum
340 3260 405 3320 huic
429 3259 541 3336 gloriae
565 3261 719 3338 superbum
743 3278 902 3338 cognomen
929 3262 1074 3340 Felicem,
1098 3267 1170 3346 ipse

169 3349 264 3398 tamen
279 3341 409 3402 obsessis
429 3344 457 3402 in
478 3351 538 3402 toto
554 3342 625 3404 orbe
642 3344 812 3428 proscriptis
828 3345 883 3407 hac
904 3363 1012 3407 corona
1030 3347 1169 3410 Sertorio

128 3432 163 3487 13
175 3423 272 3482 cessit.
309 3425 496 3488 Aemilianum
511 3443 626 3505 quoque
640 3427 804 3506 Scipionem
818 3427 910 3489 Varro
926 3439 1027 3490 auctor
1045 3441 1092 3492 est
1112 3434 1169 3494 do-
