2538 3864
173 225 234 288 248
511 224 545 284 c.
561 234 661 291 amm
675 217 843 281 sacuam

173 393 226 452 sub
248 391 294 450 diu
319 383 434 451 siccant
446 389 514 449 sole
540 365 675 467 lunaque.
709 387 783 448 haec
808 388 882 446 enim
907 347 1062 446 candorem
1089 383 1169 462 iacit,

173 476 221 535 sol
233 476 341 550 siccat,
371 483 400 534 et
413 491 453 534 nc
472 472 655 550 liquefaciat,
679 479 835 568 protegunt
853 470 932 545 tenui
947 469 1046 529 linteo.
1075 466 1168 527 candi·

174 557 290 619 dissima
304 575 377 618 vero
392 557 423 616 fit
437 561 505 634 post
519 554 722 615 insolationem
735 555 885 614 etiamnum
905 562 1033 613 recocta.
1065 535 1170 612 Punica

131 653 165 707 85
177 641 326 702 medicinis
342 641 501 700 utilissima.
529 637 677 715 Nigrcscit
692 657 760 698 cera
776 636 871 698 addito
887 637 1047 697 chartarum
1062 636 1203 711 cincre,

69 711 75 734 ⁸
175 725 250 786 si'cut
270 723 396 785 anchusa
417 723 540 783 admixta
555 721 655 796 rubet,
682 723 839 800 variosque
859 721 888 781 in
906 719 1023 779 colores
1043 721 1170 797 pigmen·
1181 738 1193 778 ι

173 811 211 869 tis
227 799 346 869 traditur
361 808 397 867 ad
407 803 539 867 edendas
564 804 762 864 similitudines
784 812 815 864 et
836 805 998 863 innumeros
1013 802 1172 862 mortalium
1259 829 1260 902 ,

175 910 244 952 usus
257 893 456 970 parietumque
472 890 557 948 etiam
573 897 602 948 ιι
616 903 757 948 armorum
772 886 899 947 tutelam
918 884 1023 946 Cetera
1035 886 1073 946 de
1084 885 1173 945 melle

129 975 162 1016 *¹¹
141 975 375 1073 ⁸pq⁴apibusqoe
365 993 394 1034 ιι
407 983 506 1034 natura
523 989 620 1032 earum
640 971 716 1033 dicta
736 979 810 1030 sunt
841 979 871 1029 et
891 969 1038 1031 hortorum
1059 969 1173 1048 quidam

177 1059 267 1118 omnis
282 1058 346 1118 lere
360 1059 433 1116 ratio
449 1065 567 1140 paracta
584 1064 638 1115 est.

102 1138 105 1147 ⁴
133 1152 168 1206 86
236 1142 285 1200 15.
309 1140 393 1236 (⁵⁰³.)
416 1141 558 1212 secuntur
572 1137 681 1200 herbae
698 1146 803 1218 sponte
820 1145 974 1198 nascentes
990 1135 1091 1217 quibus
1112 1136 1174 1216 ple·
1184 1155 1206 1195 ιι

9 1289 13 1300 ,
176 1239 293 1301 raeque
301 1222 426 1297 gentium
441 1231 554 1282 utuntur
575 1224 603 1281 in
618 1221 690 1280 cibis
713 1238 902 1298 maxumeque
919 1221 1089 1299 Aegyptus,
1116 1219 1174 1279 iru-

15 1298 20 1308 “
68 1325 71 1341 ·
176 1323 255 1384 gum
258 1305 372 1382 quidem
393 1301 588 1381 leptilissima,
613 1303 666 1363 sed
688 1313 718 1362 ut
738 1311 832 1381 prope
846 1303 951 1362 sota'·
931 1323 966 1364 ns
983 1321 1085 1362 carcre
1106 1319 1175 1380 pos·

177 1393 221 1449 sit.
249 1395 326 1446 tacta
349 1395 393 1445 est
413 1384 543 1446 ciborum
565 1404 602 1444 ex
623 1383 722 1444 herbis
743 1385 923 1444 abundantia.
956 1387 984 1444 in
1004 1384 1085 1444 ltalia
1105 1403 1176 1463 pau·
1259 1391 1260 1446 i

177 1471 308 1530 sissimus
322 1469 452 1529 novimus
459 1468 590 1548 ,fraga,
612 1474 749 1540 tamuum,
771 1485 903 1545 ruscum,
926 1467 1013 1528 batim
1026 1468 1177 1546 marinam,
1259 1475 1260 1486 ¹

95 1593 97 1598 ,
175 1554 263 1630 batim
277 1553 467 1627 hortensium,
493 1568 578 1632 quam
596 1551 692 1629 aliqui
707 1567 880 1631 asparagum
893 1513 1036 1612 'Gallicum
1057 1559 1176 1635 vocant,
1187 1576 1210 1616 ιι

177 1641 296 1718 praeter
314 1638 366 1698 has
393 1637 568 1720 pastinacam
587 1643 770 1714 pratensem,
792 1634 890 1717 lupum
911 1627 1112 1732 calicianum,
1128 1653 1177 1696 ea·
1259 1639 1260 1722 ι

179 1740 235 1801 que
249 1723 347 1785 verius
362 1721 574 1781 oblectamenta
590 1735 672 1797 quam
687 1717 779 1782 cibos.
891 1765 893 1770 s
966 1749 968 1753 ⁴
1002 1755 1005 1766 ·

137 1815 170 1870 87
234 1807 326 1903 (51.)
349 1804 381 1865 ln
394 1805 531 1883 Aegypto
552 1802 728 1863 nobilissima
738 1811 794 1863 est
814 1802 976 1880 colocasia,
1002 1816 1086 1883 quam
1109 1817 1177 1876 cya-
1259 1747 1260 1870 1

179 1906 246 1948 mon
264 1881 351 1966 aliqui
365 1897 479 1948 vocant.
508 1887 582 1948 hanc
599 1904 616 1946 e
633 1885 700 1956 Nilo
720 1895 845 1963 metunt,
867 1885 968 1962 caule,
994 1904 1057 1947 cum
1077 1894 1177 1945 coctus

171 1980 242 2044 est,
274 1987 416 2031 araneoso
437 1973 466 2031 1ι
485 1970 662 2056 mandendo,
689 1950 789 2044 thyiso
815 1977 910 2030 autem
937 1971 986 2048 qui
1012 1972 1099 2030 inter
1096 1968 1211 2030 1011ιιι
1259 2007 1260 2054 q

181 2054 286 2112 emicat
292 2052 473 2137 spectabili,
494 2048 572 2113 foliis
593 2052 753 2129 latissimis,
791 2053 876 2112 etiarn
897 2054 923 2112 si
947 2053 1093 2113 arboreis
1105 2063 1178 2113 oon-

181 2145 332 2214 parentur,
355 2137 390 2198 ad
412 2136 620 2196 similitudinem
638 2151 736 2195 corum
757 2151 831 2213 quae
851 2144 1006 2214 personata
1026 2153 1055 2196 ιι
1066 2138 1178 2196 ιιιιιιι

182 2219 310 2280 amnibus
330 2228 484 2294 vocamus,
511 2220 643 2316 adeoque
665 2217 723 2279 Nili
743 2219 786 2278 sui
808 2217 923 2278 dotibus
939 2217 1065 2296 gandent
1079 2228 1114 2280 ut
1133 2220 1177 2279 in'-
1259 2249 1260 2252 ι

125 2373 129 2381 ,
179 2301 276 2380 plexis
298 2302 463 2363 colocasiae
480 2301 594 2361 loliis
586 2319 614 2364 ιι
633 2301 740 2361 variam
763 2303 895 2402 speciem
911 2307 1045 2363 vasorum
1071 2303 1177 2382 potare

181 2385 371 2462 gratissimum
387 2384 519 2445 habeant.
550 2385 678 2445 seritur
668 2391 722 2443 ram
738 2382 835 2444 haec·
826 2404 855 2445 ιι
868 2385 959 2446 ltalia.
1031 2413 1035 2424 ‚
1186 2410 1210 2449 ιι

139 2478 173 2532 aa
243 2467 326 2546 (52.)
349 2467 381 2527 ln
394 2469 530 2545 Aegypto
548 2483 686 2564 proxuma
701 2470 857 2528 auctoritas
872 2467 1001 2528 cichorio
1016 2460 1071 2544 est,
1090 2485 1179 2546 quam

140 2573 168 2614 o
179 2550 339 2628 ιιι11ι1ιιιι
354 2548 479 2609 intubum
498 2547 657 2609 erraticum.
686 2552 813 2611 nascitur
827 2560 894 2630 post
910 2550 1083 2628 vergilias,
1089 2551 1179 2612 lloret

180 2618 380 2710 particulatim.
409 2632 491 2692 radix
506 2634 533 2690 ei
551 2630 644 2706 lenta,
671 2648 759 2711 quare
778 2634 913 2694 etiamad
933 2633 1045 2695 vincula
1060 2642 1178 2694 utuntur

182 2714 250 2774 illa?
276 2708 439 2776 hnthalidm
459 2715 573 2792 longius
595 2726 611 2775 a
620 2714 745 2777 flumine
765 2719 889 2776 nascitur
908 2718 1021 2797 mespili
1035 2719 1175 2818 magnitu-

124 2802 135 2864 “,
182 2798 248 2858 11ιι
263 2807 291 2858 ιι
305 2798 494 2874 rotunditate,
521 2800 583 2858 sine
598 2799 723 2876 nucleo,
749 2802 810 2860 sine
824 2801 951 2877 cortice,
975 2801 1046 2861 lolio
1061 2803 1174 2881 cyperi.
1185 2821 1211 2864 ao

119 2909 122 2920 ι
180 2881 344 2958 mandunt'
335 2885 393 2960 agni
414 2888 565 2961 paratum,
582 2881 715 2944 mandunt
737 2892 766 2942 et
787 2892 895 2960 cetum,
923 2887 968 2945 cui
989 2900 1092 2964 pauca
1102 2885 1175 2946 iolia

140 2973 175 3030 89
187 2967 381 3044 minumaque,
404 2964 504 3024 v‘erum
519 2964 601 3025 radix
616 2982 726 3042 magna.
757 2964 920 3028 Arachidna
935 2969 1092 3046 quidem‘ct
1109 2987 1175 3029 ara·
1205 3017 1216 3034 .

183 3066 251 3126 cos,
280 3067 342 3110 cum
361 3047 484 3109 habeant
501 3047 606 3107 radicis
627 3064 755 3108 ramosas
772 3063 807 3108 ac
833 3050 1017 3128 multiplicis,
1047 3069 1104 3112 nec
1127 3052 1174 3110 1ο·

182 3132 249 3192 lium
277 3149 332 3192 nec
354 3131 471 3193 herbam
496 3131 581 3191 ullam
606 3139 653 3190 aut
679 3131 829 3209 quicquam
855 3133 931 3193 aliud
957 3151 1043 3214 supra
1065 3143 1175 3195 terram

181 3197 297 3276 habent.
332 3216 455 3293 Reliqua
470 3214 658 3298 volgarium
648 3233 677 3273 ιι
697 3212 768 3274 cibis
784 3215 865 3294 apud
875 3233 926 3276 eos
948 3217 1100 3279 herbarum
1120 3234 1174 3294 qo·
1184 3241 1216 3288 ιι,

182 3299 273 3358 mina:
303 3295 480 3379 chondrylla,
494 3296 708 3375 hypochoeris,
732 3299 856 3358 caucalis
863 3300 1071 3379 ,aothriscum
1090 3305 1174 3361 stau·

183 3381 247 3455 dix,
278 3399 361 3442 come
381 3399 455 3458 quae
472 3343 529 3440 ab
539 3379 602 3440 aliis
626 3388 809 3459 tragopogon
827 3393 965 3460 vocatur,
987 3385 1064 3445 foliis
1083 3401 1173 3445 croco

183 3463 347 3540 simillimis,
370 3463 564 3542 parthenium,
590 3463 755 3542 trychnum,
779 3466 936 3528 corchorus
956 3476 986 3527 et
1013 3467 1048 3528 ab
1073 3469 1173 3547 aequi-
