2552 3866
327 212 406 259 unu.
423 211 513 260 urse.
529 211 640 260 xvun.
656 210 681 262 s.
705 201 855 281 (so—41.)
1032 207 1092 268 179
1167 157 1169 163 V

101 368 196 448 planta
221 375 351 426 extremo
376 384 446 425 vere
471 365 630 444 plantatur,
653 365 787 443 ueprius
810 384 890 441 cyma
912 371 994 446 quam
1009 373 1092 434 caule

100 451 312 532 periucunda
333 451 410 508 circa
426 448 593 524 solstitium,
617 465 654 506 ex
668 467 740 526 qua,
765 451 789 524 si
804 451 925 510 umidior
940 453 1022 513 locus
1037 465 1092 535 est,

99 544 228 610 aestate,
250 534 274 592 si
291 533 413 609 siccior,
429 541 560 592 autumno
576 531 729 609 plantatur.
749 550 830 592 umor
845 535 983 614 limusque
1000 539 1025 595 si
1042 540 1091 599 de·

97 621 199 694 fuere,
222 618 312 676 maior
335 617 447 694 saporis
468 617 559 691 gratia
575 624 635 690 est,
659 617 682 674 si
698 615 898 693 abundavere,
913 619 1021 704 xlaetior
1035 621 1092 681 fer·

77 702 198 762 ttilitas.
235 701 327 759 limum
352 701 489 760 asininum
513 717 644 783 maxume
669 702 813 760 convenit.
859 702 899 779 [a]
923 701 976 762 Est
1000 702 1074 764 haee
1084 715 1136 771 139

98 803 215 864 quoqne
232 803 280 844 res
295 785 369 843 iuter
384 801 474 862 opera
488 800 616 860 ganeae,
639 792 817 862 quapropter
834 802 891 844 non
904 785 1015 864 pigebit
1028 783 1093 848 ver·

95 871 198 931 bosius
224 867 370 947 persequi.
398 867 582 945 praecipuus
601 866 635 925 lit
657 867 747 926 caulis
771 884 878 945 sapore
899 886 933 928 ac
954 873 1093 946 magnitu-

96 955 181 1028 dine,
204 953 322 1030 primum
338 952 460 1010 omnium
476 951 500 1010 si
516 951 544 1008 in
558 952 736 1028 repastinato
752 968 849 1026 seras,
868 952 933 1020 dein
949 956 974 1012 si
988 963 1094 1015 terram

94 1037 235 1114 fugientis
249 1035 415 1112 ,cauliculos
431 1051 555 1112 sequare
571 1042 649 1094 terra
663 1033 851 1112 fallentisque
866 1053 899 1094 se
916 1040 1093 1116 proceritate

59 1141 83 1182 ιο
94 1121 245 1182 luxuriosa
261 1119 466 1196 exaggerando
483 1117 567 1176 aliam
581 1114 747 1178 adcumules
760 1119 799 1178 ita
814 1136 850 1176 ue
864 1119 928 1197 plus
946 1138 1030 1197 quam
1047 1140 1092 1182 ca·

93 1223 197 1265 cumen
212 1205 346 1262 emineat.
375 1202 528 1261 Tritianum
544 1201 601 1261 lroc
616 1219 708 1278 genus
723 1210 844 1262 vocatur
858 1202 902 1262 bis
918 1205 1094 1284 conputabili

90 1289 233 1368 inpendio
249 1287 414 1363 taedioque.
455 1277 494 1364 [3]
515 1283 620 1344 Cetera
636 1303 745 1362 genera
761 1271 900 1364 couplu'ra
915 1297 993 1348 sunt:
1017 1285 1136 1372 (lu-leb
1216 1321 1221 1342 t
1267 1271 1268 1284 ¹

89 1391 205 1433 manum
222 1371 319 1430 sessili
334 1369 422 1444 folio,
447 1370 542 1447 capite
556 1368 698 1446 patulum,
714 1369 859 1430 Aricinum
874 1371 1021 1434 altitudine
1036 1391 1093 1433 non

90 1457 253 1518 excelsius.
270 1455 340 1514 folio
355 1454 534 1512 numerosius
550 1469 633 1531 quam
647 1455 760 1514 tenuius
774 1455 830 1514 boc
844 1455 1023 1520 utilissimum
1032 1459 1091 1516 exi·

55 1543 244 1612 1⁵stimatur,
272 1539 337 1615 quia
358 1537 410 1596 sub
435 1535 679 1614 omnibuspaene
701 1537 778 1597 foliis
801 1539 915 1598 fruticat
943 1540 1092 1600 cauliculis

88 1621 304 1703 peculiaribus.
333 1621 537 1696 Pompeianum
552 1621 719 1696 procerius,
742 1621 825 1680 caule
840 1621 875 1680 ab
890 1623 989 1682 radice
1001 1623 1090 1698 tenui,

89 1711 167 1767 intra
186 1705 259 1764 folia
275 1705 439 1762 crassescit.
467 1703 578 1762 rariora
591 1700 666 1762 haec
680 1705 920 1782 angustioraque,
943 1705 995 1764 sed
1010 1714 1090 1764 teue-

87 1794 163 1851 ritas
186 1790 217 1846 iu
241 1786 308 1846 dote
331 1787 371 1850 ei·
390 1785 500 1862 frigora
519 1802 576 1846 non
600 1787 722 1863 tolerat,
749 1786 851 1864 quibus
873 1789 958 1847 etiam
978 1789 1092 1848 aluntur

87 1873 237 1935 Bruttiani
254 1869 451 1948 praegrandes
463 1868 551 1945 foliis,
570 1870 653 1930 caule
667 1879 778 1947 tenues,
793 1888 898 1950 sapore
910 1874 995 1932 acuti.
1023 1875 1074 1932 Sa·
1082 1881 1132 1935 141

52 1972 78 2015 ro
90 1957 207 2018 bellico
239 1972 331 2032 usque
359 1955 388 2012 in
418 1953 631 2014 admirationem
660 1957 754 2034 crispa
780 1964 845 2014 suut
872 1955 942 2016 folia
972 1974 1091 2034 quorum
1116 1961 1121 1970 '

88 2039 261 2103 crassitudo
289 2037 401 2097 caulem
422 2039 515 2115 ipsum
544 2046 693 2113 extenuat,
732 2039 784 2098 sed
813 2038 969 2099 dulcissimi
995 2040 1090 2118 perhi-

86 2126 198 2186 bentur
221 2141 260 2182 ex
282 2121 422 2180 omnibus.
456 2138 548 2198 nuper
571 2121 687 2180 subiere
707 2120 876 2182 Lacuturres
898 2141 936 2182 ex
957 2124 1089 2184 convalle

85 2211 226 2284 Aricina,
255 2204 305 2264 ubi
333 2205 475 2283 quondam
504 2203 557 2263 fuit
586 2204 666 2264 lacus
691 2205 835 2282 aureisque
856 2223 930 2282 quae
951 2217 1089 2282 remanet,
1193 2249 1200 2262 ,

87 2295 190 2372 capite
218 2289 434 2370 praegrandes,
464 2288 534 2347 folio
549 2288 702 2363 innumeri,
733 2288 781 2347 alii
796 2289 823 2346 iu
839 2288 1088 2364 orbem-correcti,
1105 2285 1111 2294 ‘

47 2393 73 2434 2⁵
88 2378 141 2440 alii
171 2379 203 2436 in
227 2374 404 2436 latitudinem
424 2371 525 2432 torosi.
558 2383 614 2431 nee
632 2372 696 2449 plus
719 2371 786 2431 ullis
809 2373 910 2450 capitis
936 2381 1004 2451 post
1028 2371 1098 2431 l'ri·'

84 2463 220 2537 tianum,
248 2459 294 2516 cui
313 2455 418 2536 pedale
442 2455 594 2532 aliquando
610 2455 785 2532 conspicitur
800 2465 829 2514 et
846 2473 928 2530 cyma
943 2457 1029 2516 nullis
1043 2473 1088 2515 se·

84 2547 163 2605 rior.
207 2539 384 2621 Cuicumque
406 2535 499 2599 autern
515 2540 616 2614 generi
631 2540 750 2616 pruinae
770 2539 928 2617 plurumum
945 2541 1132 2602 suavita-142

82 2631 124 2689 tis
151 2624 311 2686 conferunt
334 2633 378 2700 et,
406 2624 461 2681 nisi
483 2621 605 2699 obliquo
622 2621 742 2681 volnere
764 2621 932 2683 defendatur
952 2623 1087 2700 medulla,

83 2713 260 2792 plurumum
275 2709 391 2780 nocent.
419 2706 518 2765 semini
534 2704 664 2764 destinati
680 2721 736 2764 nou
752 2715 894 2766 secantur.
937 2705 990 2766 Est
1004 2709 1089 2766 etiam

44 2816 73 2856 eo
85 2815 142 2857 sua
166 2793 266 2870 gratia
284 2808 433 2868 numquam
456 2789 571 2867 plautae
591 2786 716 2850 habitum
736 2789 942 2848 excedentibus
967 2821 1008 2838 ...
1029 2789 1089 2849 hul·

82 2877 219 2956 myridia
234 2884 355 2949 vocant,
376 2874 507 2950 quoniam
521 2870 575 2929 nisi
590 2871 618 2930 iu
631 2872 777 2930 maritimis
790 2888 848 2930 nou
863 2873 1034 2950 proveniunt
1047 2904 1090 2920 --

81 2960 286 3038 navigatione
311 2974 425 3036 quoque
451 2955 606 3032 longinqua
634 2954 732 3014 viridis
756 2955 919 3032 adservari,
945 2957 1090 3016 si-statim

81 3044 212 3108 desecti
235 3043 273 3102 ita
294 3058 331 3101 ne
350 3040 462 3100 humum
477 3040 613 3115 attingant
629 3038 657 3096 iu
675 3038 762 3100 cados
778 3039 836 3098 olei
852 3057 934 3117 quam
949 3055 1088 3117 proxume

31 3113 39 3127 ⁹
83 3133 229 3192 siccatos
244 3134 451 3204 opturatosque
467 3123 624 3182 condantur
634 3123 714 3180 omni
730 3123 831 3200 spiritu
843 3123 974 3184 maluae.
998 3123 1069 3182 Sunt
1081 3133 1132 3187 143

43 3234 71 3276 aa
84 3217 138 3296 qui
156 3211 291 3290 plantam
305 3210 334 3267 iu
348 3206 546 3267 transferendo
561 3205 626 3282 alga
642 3204 753 3266 subdita
768 3207 902 3286 pediculo
915 3207 1017 3266 uitriuc
1030 3208 1090 3267 triti
1163 3281 1165 3288 y

83 3297 172 3379 quod
196 3291 291 3353 tribus
315 3292 408 3368 digitis
431 3290 558 3367 capiatur
579 3288 750 3348 celeriorem
772 3291 807 3350 ad
822 3292 1010 3351 maturitatem
1026 3291 1089 3352 lieri

80 3387 207 3462 putent.
236 3385 298 3434 sunt
316 3377 364 3452 qui
379 3391 477 3434 semen
491 3371 579 3432 trifoli
594 3374 752 3449 nitrumque
767 3372 849 3432 simul
862 3376 956 3436 tritum
970 3375 1088 3453 adsper-

55 3475 159 3548 ‚gaut
183 3459 278 3522 foliis.
312 3461 412 3519 nitrum
432 3459 459 3516 in
480 3457 631 3534 coquendo
656 3459 739 3517 etiam
761 3457 932 3601 viriditqtqrq
953 3458 1088 3535 custodit,
1186 3503 1189 3517 .
