2534 3866
190 188 230 248 74
534 199 563 248 c.
580 200 675 246 rnnvr
691 177 839 247 ssorum

90 359 95 374 ‘
191 363 219 413 et
231 354 357 430 extendi,
370 371 406 412 ne
419 352 535 415 crudum
545 352 731 430 relinquatur,
744 370 842 412 verum
855 352 932 428 exigi
943 365 1084 410 mensura.
1104 348 1174 408 male

143 474 150 482 ,
190 439 361 515 pastinatum
385 435 604 514 deprehendunt
624 454 739 496 scamna
761 436 941 514 inaequalia„
967 433 1111 493 metienda
1133 441 1175 502 est

149 531 200 584 loo
211 531 239 580 et
257 539 292 580 ea
311 539 379 598 pars
403 537 477 598 quae
498 521 649 580 interiacet
665 520 781 597 pulvini.
816 515 929 580 Surculi
950 526 1083 578 seruntur
1106 524 1133 574 et
1149 517 1175 574 in

191 604 304 664 scrobe
316 613 344 663 et
362 605 390 662 in
407 604 490 663 sulco
508 603 650 678 longiore
677 621 858 681 superquam
876 602 1028 667 tenerrima
1041 601 1175 676 ingeritur

118 741 120 747 s
189 697 277 764 terra,
292 688 344 748 sed
356 689 383 746 in
395 686 498 764 gracili
510 687 574 746 solo
585 686 691 746 frustra
703 687 756 745 nisi
768 686 910 745 substrata
922 685 1085 762 pinguiore.
1099 701 1174 761 pern·
1189 711 1202 749 5

188 789 257 830 mos
280 770 527 848 comportatores
556 787 638 845 quam
667 767 736 828 duas
762 770 851 844 integi
877 776 993 846 oportet
1020 776 1049 826 et
1074 783 1174 840 proxu-

188 871 262 916 mam
287 855 385 930 attingi
402 862 522 927 terram,
541 851 643 912 eodem
656 851 764 928 paxillo
782 851 903 928 deprimi
918 861 947 910 et
964 851 1094 928 spissari.
1138 852 1175 908 in·

188 946 302 997 teresse
330 939 358 995 in
381 936 520 1013 plantario
548 935 739 1012 sesquipedes
762 935 837 994 inter
858 934 923 995 bina
947 934 1055 994 semina
1072 935 1100 992 in
1117 933 1176 992 lati·

187 1021 322 1095 tudinem,
339 1021 367 1077 in
380 1018 583 1095 longitudinem
596 1019 742 1079 semisses.
765 1020 803 1077 ita
815 1027 895 1078 satos
911 1017 1063 1077 malleolos
1077 1025 1176 1094 quarto

189 1114 218 1163 et
229 1103 369 1162 vicesimo
387 1119 486 1160 mense
505 1102 639 1162 recidere
655 1102 691 1162 ad
707 1103 790 1164 imum
802 1102 971 1177 articulum,
982 1101 1036 1160 nisi
1048 1101 1103 1177 ipsi
1114 1117 1177 1176 par·
1189 1122 1215 1162 ro

189 1195 278 1245 catur.
304 1183 453 1244 oculorum
473 1185 539 1244 inde
551 1187 670 1246 materia
682 1187 794 1261 emicat,
808 1204 870 1244 curn
883 1203 939 1263 qua
951 1193 1034 1244 sexto
1046 1201 1082 1242 ac
1093 1185 1177 1242 trice-

146 1278 196 1331 161
209 1269 280 1326 simo
294 1284 394 1326 mense
410 1269 558 1328 viveradix
570 1269 749 1329 transfertur.
783 1267 822 1346 [6]
836 1267 888 1328 Est
901 1277 929 1327 et
943 1267 1090 1328 luxuriosa
1106 1268 1177 1342 ratio

187 1352 252 1414 vitis
269 1351 385 1410 serendi
397 1359 427 1410 ut
438 1361 572 1428 quattuor
583 1351 711 1412 malleoli
723 1350 887 1410 vehementi
902 1351 1017 1412 vinculo
1030 1351 1177 1426 conligen-

187 1445 232 1494 tur
249 1436 282 1493 in
297 1444 380 1512 parte
398 1434 545 1494 luxuriosa
558 1443 643 1512 atque
656 1437 695 1494 ita
706 1435 756 1494 vel
766 1451 900 1510 pernssa
912 1433 1009 1494 bubuli
1023 1435 1114 1494 cruris
1130 1434 1178 1493 vel

187 1536 241 1596 per
264 1518 340 1578 colla
367 1518 464 1581 fictilia
481 1518 594 1578 traiecti
617 1517 771 1576 obruantur
791 1517 873 1576 binis
889 1517 1076 1577 eminentibus
1099 1534 1215 1592 gem-15

187 1602 249 1660 mis.
273 1611 423 1662 umescunt
433 1603 490 1661 boc
501 1600 585 1660 modo
602 1601 748 1677 recisique
760 1600 905 1678 palmitem
916 1602 1052 1668 emittunt.
1076 1608 1179 1676 postea

189 1685 282 1746 listula
303 1686 394 1746 fracta
417 1685 499 1744 radix
521 1684 613 1743 libere
639 1684 716 1760 capit
738 1683 807 1742 viris
831 1700 944 1765 uvaque
974 1683 1031 1742 fert
1057 1683 1179 1740 omnium

120 1809 123 1817 ι
147 1779 198 1834 162
211 1786 367 1846 corporum
383 1785 499 1827 suorum
516 1769 624 1826 acinos.
658 1765 690 1825 ln
712 1765 769 1826 alio
792 1783 903 1843 genere
926 1766 1041 1824 inventu
1063 1766 1179 1824 novicio

188 1853 302 1912 finditur
318 1851 487 1924 malleolus,
509 1851 693 1929 medullaque
716 1867 798 1908 erasa
818 1851 846 1908 in
870 1866 902 1908 se
922 1847 1102 1924 conliguntur
1123 1850 1180 1925 ipsi

189 1934 288 1994 caules
306 1935 344 1992 ita
363 1942 392 1992 nt
407 1934 528 2009 gemmis
548 1942 682 2010 parcatur
701 1932 887 1992 omnimodo.
911 1939 970 1990 tum
986 1930 1136 1990 malleolus
1152 1933 1217 1994 inco
1259 1991 1260 2006 ,

189 2026 266 2076 terra
283 2016 349 2086 limo
366 2016 452 2074 mixta
469 2016 588 2092 seritur,
602 2024 631 2074 et
643 2035 706 2076 cum
717 2033 857 2095 spargere
870 2015 960 2076 caulis
972 2015 1082 2092 coepit,
1102 2015 1180 2074 deci·
1259 2023 1260 2070 t

190 2098 264 2157 ditur
280 2097 444 2176 foditurque
463 2100 587 2176 saepius.
623 2100 688 2159 talis
711 2117 785 2158 uvae
806 2099 906 2158 acinos
925 2098 995 2158 nibil
1017 2099 1090 2156 intus
1110 2097 1181 2173 ligni

189 2180 337 2242 habituros
355 2181 516 2242 Columella
537 2184 690 2259 promittit,
712 2200 775 2240 curn
796 2183 896 2241 vivere
909 2183 1017 2241 semina
1034 2182 1099 2259 ipsa
1112 2198 1179 2258 per·

147 2273 198 2328 163
210 2284 293 2344 quarn
310 2268 409 2326 mirum
426 2267 463 2324 sit
476 2265 599 2325 medulla
611 2266 753 2342 adempta.
776 2263 864 2324 Nasoi
877 2264 1010 2323 surculos
1022 2265 1108 2324 etiam
1118 2264 1180 2341 qui-

164 2353 167 2359 '
188 2349 241 2408 bus
253 2367 310 2409 non
325 2350 361 2408 sit
377 2349 537 2409 articulatio
556 2348 678 2422 arboris,
693 2365 750 2406 non
762 2348 944 2407 omittendum
956 2347 1076 2407 videtur.
1101 2365 1179 2406 narn·
1190 2366 1218 2406 ss

189 2450 245 2510 que
262 2432 330 2490 buxi
342 2423 517 2491 tenuissimis
534 2432 626 2508 quinis
643 2432 758 2490 senisve
777 2431 927 2508 conligatis
946 2431 1061 2509 depacti
1072 2447 1180 2507 prove·

187 2516 275 2574 niunt.
309 2516 451 2593 quondam
474 2516 502 2572 in
524 2515 727 2573 observatione
749 2523 823 2573 erat.
838 2523 867 2574 ut
889 2513 1120 2590 defringerentur
1143 2533 1183 2574 ex

120 2629 121 2639 κ
188 2599 313 2674 inputata
334 2597 428 2673 buxo,
447 2597 531 2656 aliter
551 2597 651 2656 vivere
669 2613 726 2655 non
744 2597 854 2656 crediti.
878 2596 1032 2656 detraxere
1051 2597 1109 2658 hoc
1128 2616 1182 2657 ex·

148 2689 199 2742 164
211 2681 377 2756 perimente.
423 2681 463 2758 [6]
490 2681 630 2738 Seminari
653 2697 748 2739 curam
773 2680 902 2758 sequitur
922 2682 1069 2740 vinearum
1090 2682 1180 2740 ratio.

189 2764 313 2840 quinque
325 2781 462 2840 generum
472 2764 543 2822 bae:
559 2763 732 2840 sparsisper
743 2772 848 2822 terrain
859 2763 1038 2842 palmitibus,
1057 2773 1106 2824 aut
1123 2782 1221 2840 perso
1259 2831 1260 2840 ἦ

189 2863 222 2904 se
239 2847 298 2906 vite
316 2845 466 2921 subrecta,
485 2846 534 2907 vel
552 2865 615 2906 cum
631 2845 803 2906 adminiculo
819 2847 881 2905 sine
899 2847 977 2923 iugo,
993 2855 1042 2906 aut
1053 2846 1182 2924 pedatae

146 2937 195 2992 166
206 2929 330 3008 simplici
351 2931 436 3006 iugo,
455 2939 503 2989 aut
524 2928 723 3006 conpluviatae
745 2928 926 3006 quadriplioi.
957 2930 1036 3002 Quae
1052 2929 1182 3006 pedatae

186 3014 277 3089 ratio,
308 3012 409 3072 eadem
432 3013 617 3088 intellegetur
639 3014 700 3071 eius
721 3027 837 3089 quoque
853 3013 881 3070 in
905 3030 959 3088 qua
976 3014 1038 3071 sine
1058 3012 1182 3073 admini-

102 3097 109 3102 ’
190 3096 255 3156 culo
284 3097 349 3156 vitis
377 3114 430 3174 per
457 3115 490 3155 se
519 3094 614 3155 stabit.
659 3094 687 3154 id
708 3095 783 3153 enim
805 3111 862 3153 non
883 3094 913 3154 fit
935 3095 987 3154 nisi
1012 3095 1182 3172 pedamenti

186 3180 293 3257 inopia.
334 3179 456 3254 simplici
478 3179 545 3253 iugo
570 3186 682 3238 constat
703 3186 839 3254 porrecto
869 3176 968 3239 ordine
1000 3195 1084 3255 quem
1108 3195 1222 3258 can-⁴3⁵

137 3253 142 3270 ³
186 3264 289 3321 terium
310 3261 466 3339 appellant.
507 3260 611 3319 melior
633 3279 667 3320 ea
688 3261 933 3336 vino‚,quoniam
956 3259 1009 3318 sibi
1037 3262 1099 3338 ipsa
1118 3279 1183 3320 non

187 3343 336 3404 obumbrat
355 3343 531 3421 adsiduoque
543 3343 606 3402 sole
628 3344 760 3420 coquitur
777 3352 805 3402 et
822 3341 953 3422 adflatum
969 3343 1060 3418 magis
1075 3343 1182 3421 sentit,

187 3426 311 3486 celerius
322 3442 418 3488 rorem
426 3419 547 3503 dimittit,
556 3426 759 3506 pampinationi
771 3439 885 3504 quoque
896 3435 924 3485 et
933 3426 1075 3486 occationi
1084 3428 1183 3488 onini-
