2538 3864
19 1690 24 1720 l

19 1729 25 1837 l

188 213 249 271 260
532 218 560 266 G.
576 217 671 264 PLINI
686 215 835 264 SECUNDI

186 377 336 436 cinomata.
374 371 550 432 defervescit
567 371 596 429 in
618 370 683 430 vino
705 369 791 432 dulci.
827 368 1013 448 peculiariter
1035 375 1064 426 et
1080 375 1171 431 contra

186 456 370 519 meliceridas
385 455 499 514 efficax.
1138 496 1143 507 ,

144 551 197 604 151
257 540 306 600 21.
330 537 411 615 (88.)
441 536 591 596 Trifolium
609 537 672 597 scio
692 536 775 596 credi
794 535 966 614 praevalere
989 544 1091 596 contra
1118 553 1171 594 ser·

187 625 312 702 pentium
328 629 357 680 et
367 621 559 698 ‘scorpionum
574 622 650 680 ictus
665 623 702 680 ex
719 621 785 686 vino
800 628 847 679 aut
864 635 971 698 posca,
986 619 1101 678 seminis
1114 635 1172 695 gra·
1203 656 1208 668 ·
1267 643 1268 678 1

186 708 231 766 nis
244 705 345 781 viginti
359 705 436 782 potis
454 703 503 764 vel
522 704 652 766 foliiset
671 713 731 763 tota
753 702 842 764 herha
864 703 1002 781 decocta,
1026 703 1194 780 serpentis-s
1267 735 1268 766 r

187 808 243 869 qne
254 788 445 866 numquamin
459 787 567 848 trifolio
583 787 703 866 adspici‚
718 795 871 865 praeterea
886 785 1070 846 caelebratis
1085 795 1176 845 auoto-

186 872 265 934 rihns
280 880 383 934 contra
397 871 490 932 omnia
503 889 614 932 venena
634 888 689 949 pro
705 869 837 944 antidoto
853 869 989 930 sufficere
1001 882 1074 930 xxv
1089 885 1177 945 grana

157 957 251 1015 meins
274 955 352 1033 qnod
372 955 551 1030 minyanthes
567 973 606 1014 ex
626 971 662 1014 eo
680 953 890 1032 appellavimus
913 953 1003 1029 tradi,
1024 952 1110 1012 multa
1126 951 1179 1012 alia
1265 1005 1266 1014 .

145 1049 196 1103 153
209 1047 362 1118 praeterea
385 1039 414 1098 in
427 1039 562 1100 remediis
577 1039 638 1100 eius
652 1037 788 1098 adscribi.
819 1037 871 1098 sed
886 1055 931 1098 me
953 1045 1053 1097 contra
1069 1045 1178 1098 senten·

187 1125 241 1182 tias
257 1139 357 1182 eorum
370 1123 532 1198 gravissimi
546 1121 601 1182 viri
619 1123 773 1182 auctoritas
795 1131 908 1198 movet,
931 1121 1095 1199 Sophocles
1110 1121 1212 1178 enimro

187 1214 276 1285 poeta
288 1213 459 1266 venenatum
480 1205 508 1265 id
530 1206 615 1282 dicit,
639 1207 733 1282 Sinus
747 1223 863 1284 quoque
881 1204 1046 1282 emedicis,
1071 1203 1183 1264 decocti
1205 1209 1209 1223 '

88 1338 96 1356 ‚
187 1299 235 1350 aut
254 1288 371 1350 contriti
388 1305 486 1347 sucum
509 1289 632 1347 infusum
653 1290 769 1364 corpori
792 1289 908 1349 easdem
929 1287 1064 1348 uredines
1085 1287 1183 1346 facere

187 1390 258 1451 quas
273 1371 299 1429 si
314 1371 462 1449 percussis
476 1388 492 1428 a
507 1379 644 1448 serpente
657 1372 817 1447 inponatur.
847 1389 919 1447 ergo
935 1387 991 1429 non
1005 1369 1089 1430 aliter
1104 1379 1182 1429 uten-

187 1455 252 1516 dum
273 1471 411 1532 ecquam
431 1461 531 1514 contra
553 1469 665 1512 venena
688 1454 857 1514 censuerim.
898 1454 1032 1514 fortassis
1058 1454 1133 1512 enim
1157 1462 1185 1511 et

185 1539 230 1599 his
252 1541 371 1600 venenis
397 1536 472 1598 inter
497 1554 530 1596 se
557 1538 700 1596 contraria
722 1536 875 1598 situatum
896 1537 971 1596 sicut
995 1536 1216 1600 multisaliis.1s

186 1624 254 1684 item
270 1623 362 1682 animo
381 1620 500 1681 adverto
522 1638 622 1680 semen
641 1621 702 1680 eius
724 1621 804 1680 cuins
820 1621 941 1681 minuma
963 1622 1019 1680 sint
1034 1621 1102 1680 folia
1117 1620 1187 1679 utile

189 1725 256 1766 esse
268 1706 304 1766 ad
320 1703 536 1765 custodiendam
551 1703 699 1764 mulierum
715 1706 786 1764 cutis
802 1705 921 1781 gratiam
936 1705 965 1764 in
979 1705 1054 1764 facie
1068 1703 1187 1762 inlitum.

146 1800 198 1854 154
263 1789 345 1868 (89.)
367 1777 505 1863 Thydrum
520 1787 620 1864 colligi
637 1795 753 1866 oportet
772 1788 801 1848 in
821 1788 909 1866 flore,
931 1797 959 1846 et
974 1789 1002 1846 in
1018 1786 1116 1847 umbra
1132 1789 1187 1848 sie·

188 1873 258 1935 cari.
289 1871 344 1932 duo
361 1880 455 1932 autem
470 1881 534 1930 sunt
547 1887 657 1948 genera
679 1872 758 1930 eius:
779 1871 927 1948 candidum
948 1870 1047 1932 radice
1062 1871 1188 1948 lignosa,

188 1959 217 2032 in
233 1953 356 2014 collibus
372 1971 511 2030 nascens,
534 1954 611 2032 quod
627 1963 655 2014 et
670 1953 848 2035 praefertur,
875 1955 995 2014 altemm
1012 1955 1119 2032 nigrius
1135 1953 1188 2013 flo-
1198 1971 1221 2011 m

188 2039 287 2114 risque
312 2038 395 2113 nigri.
440 2047 561 2116 utraque
587 2037 735 2097 oculorum
763 2038 884 2099 claritati
911 2037 1027 2098 multum
1050 2037 1190 2097 ¹conferre

189 2120 385 2180 existimantur
415 2129 444 2179 et
464 2123 493 2180 in
520 2121 586 2206 cibo
611 2129 640 2179 et
662 2122 690 2182 in
715 2120 946 2207 medicamentis,
973 2123 1040 2182 item
1063 2121 1191 2181 diutinae

163 2239 166 2252 ·
189 2204 278 2280 tussi,
301 2205 329 2262 in
344 2203 497 2280 ecligmate
513 2204 607 2263 facilis
625 2206 843 2264 exscreationes
858 2204 957 2265 facere
974 2223 1037 2265 cum
1057 2214 1144 2265 aceto
1162 2215 1193 2264 et

147 2297 198 2351 155
211 2286 290 2362 sale,
321 2287 487 2363 sanguinem
516 2303 710 2348 concrescere
734 2304 791 2346 non
816 2289 875 2366 pati
903 2305 919 2347 e
947 2289 1050 2364 melle,
1084 2290 1193 2367 longas

183 2370 311 2445 ‘faucium
326 2369 536 2430 destillationes
552 2378 632 2430 extra
648 2371 725 2430 inlita
742 2388 805 2430 oum
821 2372 912 2451 sinapi
927 2382 1096 2449 extenuare,
1121 2375 1194 2432 item
1203 2396 1225 2434 us

190 2451 329 2513 stomachi
346 2461 375 2512 et
388 2453 496 2512 ventris
516 2453 594 2512 vitia.
626 2453 747 2513 modicis
761 2463 856 2514 tamen
871 2456 1005 2516 utendum
1021 2465 1075 2532 cst,
1099 2475 1194 2536 quon·

189 2539 245 2595 iam
266 2535 475 2610 excalfacinnt‚
499 2552 554 2613 qua
576 2537 605 2593 vi
627 2537 729 2596 sistunt
749 2537 859 2616 alvom,
882 2557 954 2617 quae
978 2542 1002 2600 si
1019 2540 1196 2600 exulcerata

146 2658 149 2666 ,
190 2618 243 2694 sit,
262 2617 361 2676 denari
376 2617 487 2694 pondus
509 2620 537 2676 in
559 2621 713 2679 sextarium
729 2622 804 2682 aceti
819 2631 847 2682 et
868 2622 961 2684 mellis
979 2624 1044 2684 addi
1059 2634 1196 2702 oportet,

187 2701 255 2760 item
277 2701 301 2760 si
325 2696 532 2760 lateris'dolor
557 2703 610 2778 sit,
632 2713 679 2763 aut
702 2705 776 2765 inter
797 2707 930 2785 scapulas
946 2709 1035 2766 autin
1055 2707 1196 2768 thorace.

156 2785 159 2790 “
188 2784 368 2862 praecordiis
383 2785 533 2845 medentur
549 2804 586 2846 ex
600 2796 684 2847 aceto
707 2807 771 2848 cnm
783 2789 887 2864 melle,
912 2809 985 2869 qnae
1007 2792 1087 2870 potio
1103 2792 1196 2852 datur
1207 2812 1231 2854 eo

147 2876 196 2931 156
208 2878 237 2928 et
256 2869 285 2927 in
306 2869 479 2929 alienatione
499 2871 601 2929 mentis
624 2888 660 2930 ac
680 2872 906 2937 melancholicis.
944 2875 1025 2936 datur
1046 2884 1075 2934 et
1099 2868 1197 2936 comi·

187 2951 303 3013 tialihns
319 2968 393 3031 quos
408 2962 564 3031 conreptos
579 2952 688 3014 olfacto
706 2957 830 3015 excitant
851 2955 956 3033 thymo.
985 2959 1061 3018 aiunt
1076 2968 1106 3019 et
1122 2960 1198 3020 dor-

187 3035 258 3095 mire
280 3052 332 3094 eos
350 3044 486 3113 oportere
503 3037 531 3095 in
545 3035 625 3094 molli
640 3036 746 3112 thymo.
768 3039 890 3115 prodest
904 3051 933 3102 et
946 3042 1152 3120 orthopnoicis
1167 3053 1215 3118 et·

188 3118 417 3180 anhelationihus
432 3118 640 3197 mulierumque
656 3109 800 3180 mensibus
814 3125 976 3200 retardatis,
988 3125 1036 3185 vel
1053 3127 1078 3184 si
1093 3144 1199 3186 emor·

187 3204 227 3262 tui
254 3201 310 3261 sint
335 3202 365 3262 in
389 3210 472 3261 utero
493 3209 608 3281 partus,
632 3203 783 3265 decoctum
804 3206 833 3265 in
855 3225 927 3286 aqua
948 3209 983 3268 ad
1004 3210 1118 3268 tertias.
1166 3219 1202 3269 et
1212 3225 1239 3266 ss

188 3285 258 3344 viris
272 3301 343 3344 vero
360 3293 460 3345 contra
482 3285 643 3346 inflationes
666 3305 728 3347 cnm
749 3287 836 3348 melle
857 3300 886 3350 et
908 3302 1010 3368 aceto,
1032 3293 1102 3352 etsi
1118 3312 1202 3352 ven·

150 3375 200 3431 157
211 3376 256 3426 ter
268 3376 399 3444 turgueat
413 3377 580 3447 testesque,
603 3379 651 3429 aut
663 3371 696 3430 si.
708 3374 825 3432 vesicae
841 3373 924 3435 dolor
939 3377 1047 3452 exigat.
1079 3394 1096 3436 e
1119 3380 1202 3436 vino

190 3459 316 3510 tumores
336 3459 365 3510 et
380 3451 501 3529 impetus
522 3454 676 3531 inpositum
689 3455 781 3534 tollit,
802 3458 871 3518 item
891 3477 953 3519 cum
972 3467 1056 3519 aceto
1080 3461 1206 3522 callum
