2534 3866
174 189 233 253 120
512 201 541 250 c.
558 201 653 248 rums
669 148 816 248 sdcuuur

173 365 246 418 cant.
272 354 357 415 Circa
370 351 519 434 Philippos
534 361 689 414 ateramum
704 352 847 412 nominant
861 351 889 410 in
903 351 1000 428 pingui
1016 350 1081 410 solo
1098 351 1164 413 ber·

171 441 236 501 bam
263 455 318 518 qua
339 437 406 498 taba
424 447 560 512 necatur,
581 445 718 496 teramum
738 451 795 515 qua
817 437 845 494 in
865 451 979 509 macro,
999 451 1065 494 cum
1080 437 1166 498 udam

127 535 180 589 156
190 523 303 603 qnidam
318 530 420 581 uentus
436 521 560 582 adduvit.
585 519 683 580 Acrae
696 535 817 598 manum
830 518 982 578 minumum
998 520 1065 578 ιιι
1056 537 1085 579 ιι
1099 536 1163 580 cor·

131 610 228 668 'tice
243 607 386 666 aculeato.
422 622 485 665 cnm
503 613 547 664 est
569 604 598 662 in
617 619 709 682 pane,
732 603 886 663 celerrime
907 601 1067 679 vertigines
1083 604 1162 679 iacit,

157 692 305 769 *aiuntque
320 691 349 748 in
363 689 433 748 Asia
454 697 484 748 et
498 684 619 748 Graecia
635 685 835 762 balneatores,
857 703 920 745 cum
941 687 1033 746 uelint
1053 686 1186 750 turbame

173 775 302 854 pellere,
325 770 499 833 carbonibus
520 770 547 831 id
568 787 668 829 semen
690 771 808 830 inicere.
845 769 974 829 nascitur
994 779 1025 829 et
1046 769 1162 848 pbalan-

170 861 238 938 gion
255 860 284 918 ιι
298 873 385 929 erro,
408 853 532 914 bestiola
552 855 650 914 aranei
671 855 806 930 generis,
829 853 853 912 si
874 851 965 913 biems
985 870 1094 931 aquosa
1115 855 1160 913 sit.

170 944 289 1004 limaces
303 947 457 999 nascuntur
470 939 498 996 in
512 938 615 1014 vicia,-
610 945 655 997 ιι
676 936 829 1016 aliquando
845 955 862 996 e
877 945 954 995 terra
977 937 1099 997 cocleae
1112 937 1162 997 mi·

169 1037 255 1086 outae
280 1025 380 1082 mimm
403 1021 432 1080 ιι
456 1021 569 1080 modurn
593 1022 748 1082 erodentes
774 1037 846 1080 eam.
875 1018 913 1079 tta
933 1019 1028 1079 morbi
1047 1021 1162 1098 quidem
1263 1041 1264 1096 ι

169 1110 232 1170 iere
250 1108 278 1166 bi
295 1113 369 1165 sunt.
1173 1121 1199 1162 ιι

129 1202 177 1258 157
238 1191 321 1268 (45.)
342 1187 480 1249 Remedia
504 1203 604 1247 eornm
622 1205 821 1286 quaecumque
842 1160 987 1266 pertinent
1002 1187 1037 1248 sd
1056 1186 1163 1248 herbas

169 1278 198 1336 in
214 1274 330 1334 sarculo
345 1281 384 1347 et,
406 1287 468 1330 cum
486 1287 585 1332 semen
599 1272 735 1348 iactatur,
755 1273 863 1331 cinere.
896 1289 970 1350 quae
988 1287 1060 1330 vero
1074 1272 1104 1330 in
1117 1289 1163 1331 se·

169 1360 244 1418 mine
264 1365 293 1416 et
309 1357 386 1416 circa
399 1354 527 1414 radicem
542 1357 701 1415 consistunt
715 1355 913 1433 praecedente
928 1373 996 1416 cura
1015 1363 1162 1418 caventur.

168 1444 243 1503 Vino
264 1449 294 1500 et
314 1440 422 1500 semina
443 1437 562 1517 perlusa
577 1440 668 1498 minus
684 1448 838 1516 aegrotare
860 1438 1031 1498 existimant.
1060 1438 1162 1516 Vergi-

169 1527 224 1586 lius
239 1525 313 1585 nitro
336 1533 366 1583 et
382 1539 498 1584 amurca
521 1522 654 1601 perfundi
676 1522 754 1582 iubet
773 1522 876 1582 labam.
905 1524 950 1582 sie
973 1524 1059 1582 etiam
1079 1536 1197 1601 gran-rc

128 1619 179 1674 158
190 1610 313 1670 descere
328 1607 474 1688 promittit.
506 1606 619 1685 qnidam
632 1621 715 1683 vero,
737 1607 762 1666 si
778 1607 872 1666 triduo
895 1615 963 1667 ante
979 1615 1069 1666 satmn
1084 1607 1162 1666 urina

171 1703 201 1755 et
221 1709 294 1771 aqua
315 1699 494 1766 maceretur,
517 1693 675 1769 praecipue
700 1690 872 1751 adolescere
894 1699 1002 1768 putant.
1036 1699 1081 1749 ter
1103 1690 1161 1767 qni·
1265 1759 1266 1766 ἵ

170 1779 233 1839 ιιι
250 1776 365 1836 saritam
378 1775 503 1834 modium
526 1773 638 1834 tractae
653 1792 669 1833 ι
687 1775 783 1834 modio
799 1774 910 1834 solidae
932 1773 1072 1847 reddere,
1094 1772 1163 1832 reli·
1265 1773 1266 1796 ¹

170 1878 225 1940 qua
242 1861 348 1919 semina
365 1860 495 1936 cupressi
511 1857 588 1916 loliis
604 1858 694 1916 tunsis
709 1860 734 1918 si
749 1859 932 1934 misceantur,
947 1874 1003 1918 non
1017 1873 1086 1916 esse
1096 1873 1162 1916 rer·

169 1943 280 2003 miculis
303 1941 444 2016 obnoxia,
466 1957 522 2000 nec
548 1941 572 1999 si
596 1941 748 2002 interlunio
776 1948 916 2000 serantur.
945 1941 1025 2001 multi
1046 1939 1082 2001 ad
1102 1939 1198 1999 miliae

170 2024 295 2085 remedia
323 2023 453 2084 rubetam
473 2032 559 2086 noctu
575 2040 650 2084 saruc
674 2025 853 2085 circumlerri
870 2023 970 2084 iubent
984 2025 1063 2104 prins
1078 2040 1163 2102 quam

131 2117 135 2126 '
170 2110 307 2184 saciatur,
326 2107 481 2186 defodique
497 2108 525 2166 in
541 2108 636 2168 medio
652 2109 790 2168 inclusam
805 2107 895 2167 fictili.
925 2110 964 2168 ita
986 2126 1042 2170 nec
1062 2125 1161 2186 passe·

169 2209 230 2252 rem
246 2209 301 2250 nec
314 2193 420 2251 vermis
440 2207 565 2267 nocere,
586 2192 638 2251 sed
653 2192 807 2252 eruendam
823 2192 903 2269 prins
925 2209 1010 2270 ιιιιι
1030 2199 1162 2266 metatur,

170 2275 296 2354 alioquin
312 2287 436 2336 amarum
456 2275 528 2334 lieri.
559 2277 625 2352 quin
640 2285 670 2335 ιι
691 2291 769 2334 armo
787 2275 886 2353 talpae
906 2283 1038 2336 contacta
1054 2275 1163 2336 semina

129 2360 325 2424 monterium
352 2375 431 2418 esse.
465 2356 647 2417 Democritus
675 2374 746 2417 suco
773 2358 882 2418 herbae
906 2375 980 2436 quae
1000 2358 1199 2437 appellaturus

170 2445 298 2517 ιιιοιιι,
317 2442 346 2500 ιι
365 2440 473 2517 tegulis
491 2456 630 2515 nascens,
654 2448 684 2500 et
699 2440 734 2501 ab
751 2441 814 2500 aliis
835 2458 948 2517 assum,
969 2440 1068 2502 Latine
1089 2456 1162 2501 uero

172 2524 271 2584 sedum
296 2532 345 2584 aut
370 2522 535 2600 digitillum,
569 2523 710 2584 medioata
737 2525 794 2584 seri
819 2525 900 2585 iubet
925 2526 1018 2584 omnia
1041 2525 1162 2585 semina.

169 2606 259 2684 volgo
273 2621 361 2682 uero,
384 2609 408 2666 si
425 2606 516 2666 uredo
529 2614 634 2666 noceat
649 2615 678 2666 et
692 2623 806 2668 vermes
820 2607 964 2668 radicibus
983 2607 1162 2684 inhaereant,

171 2691 327 2751 remedium
343 2699 388 2749 est
407 2707 521 2750 amurca
540 2707 611 2769 pura
628 2707 663 2750 ao
689 2693 750 2752 sine
773 2693 834 2752 sale
855 2707 1009 2769 spargere,
1034 2691 1100 2751 dein
1115 2709 1161 2752 sa·

170 2775 244 2850 rire,
266 2773 291 2834 si
305 2775 334 2832 in
348 2773 497 2834 articulum
512 2791 599 2852 reges
617 2776 660 2834 ire
676 2777 817 2855 coeperit,
839 2778 978 2851 runcare,
999 2793 1037 2834 ne
1050 2773 1199 2834 berbaeao

129 2865 179 2921 160
189 2860 312 2918 vincant.
351 2856 466 2917 Pestem
486 2875 503 2917 a
525 2855 602 2917 milio
617 2867 711 2937 atque
731 2860 850 2937 panico,
878 2867 1037 2920 stnmornm
1059 2874 1160 2937 passe·

169 2958 268 3001 rumve
284 2942 412 3020 agmina,
436 2941 498 3002 scio
519 2940 596 3017 abigi
617 2941 707 3006 berba
729 2942 809 3002 cuins
830 2957 935 3002 nomen
953 2943 1080 3020 ignotum
1102 2949 1159 3017 est,

168 3024 197 3084 in
212 3033 344 3102 quattuor
357 3023 469 3100 angulis
486 3025 596 3100 segetis
614 3025 746 3100 defossa,
768 3025 868 3084 mirum
882 3027 976 3100 dictu,
999 3033 1030 3084 ιιι
1044 3025 1159 3084 omuino

113 3169 119 3185 ,
168 3109 245 3168 nulla
262 3110 323 3168 aris
338 3109 431 3167 intret.
467 3122 563 3166 mures
586 3107 737 3185 abiguntur
753 3109 851 3168 cinere
871 3108 1012 3168 mustelae
1026 3108 1075 3168 rel
1090 3107 1158 3167 ielis

170 3191 258 3251 diluto
274 3201 303 3252 et
328 3191 437 3250 semine
460 3205 563 3268 sparso
584 3191 632 3250 vel
652 3191 836 3276 decoctarum
853 3207 936 3270 aqua.
974 3191 1026 3252 sed
1041 3190 1195 3252 redoletas

85 3325 96 3348 χ
168 3275 246 3332 virus
260 3273 421 3335 animalium
431 3289 531 3333 eornm
546 3275 656 3334 etiam
647 3291 674 3332 ιι
690 3269 774 3352 pane.
803 3275 840 3334 ob
854 3276 882 3334 id
897 3273 969 3335 felle
984 3274 1092 3335 bubulo
1108 3290 1156 3333 se-

128 3365 177 3421 161
189 3358 262 3418 mina
277 3359 375 3435 attingi
397 3358 492 3418 utilius
504 3364 612 3458 pptapt
641 3353 757 3435 Robigo
773 3358 901 3436 quidem,
923 3374 1052 3418 ιιιιιιιιιι
1068 3375 1156 3435 sege·

169 3451 225 3500 tnrn
242 3443 349 3518 pestis,
371 3441 443 3501 lauri
464 3442 550 3502 ramis
570 3443 598 3501 ιι
613 3454 682 3500 arro
708 3441 810 3503 dedxis
826 3443 948 3502 transit
939 3457 968 3502 ιι
983 3458 1018 3501 ιι
1032 3440 1102 3501 lolia
1118 3457 1157 3500 ex
