2538 3864
174 243 235 306 262
508 253 545 317 u.
562 255 658 302 retur
676 253 825 302 muttum

172 410 301 492 partibus
323 411 399 470 aceti
424 411 603 487 permixtum.
643 407 849 487 sampsuchum
870 409 933 467 sire
958 411 1157 471 amaracumin
1252 445 1253 470 r

173 494 272 574 Cypro
297 493 519 554 laudatissimum
535 502 564 553 et
588 491 817 556 odoratissimum
842 491 1045 570 scorpionibus
1065 493 1176 553 adver·
1252 549 1253 574 q

111 629 114 636 .
173 589 255 644 satur,
278 595 316 638 ex
342 585 427 637 aceto
455 593 491 636 ac
518 576 580 637 sale
605 575 725 635 inlitum.
780 577 932 635 menstruis
954 593 1071 656 quoque
1095 577 1158 637 mal·
1252 577 1253 608 ¹

171 673 231 722 tum
246 661 361 722 confert
382 661 544 738 inpositum.
583 662 675 720 minor
699 659 794 720 'eidem
819 667 889 738 pata
909 657 964 720 ris.
998 659 1113 720 cohibet
1133 669 1161 720 et
1252 725 1253 732 q

172 747 324 807 oculorum
351 745 506 822 epiphoras
532 761 595 803 oum
621 743 750 821 polenta.
795 761 882 804 sucus
906 743 1022 804 decocti
1047 745 1180 806 torminac

172 829 297 891 discutit.
320 837 349 888 et
360 829 448 888 urinis
460 837 489 887 et
501 825 669 905 hydropisis
680 827 761 886 utile.
783 835 880 886 movet
894 835 924 886 et
938 827 1047 888 aridum
1058 835 1160 886 sternu-

171 922 275 974 menta.
290 912 321 972 iit
331 929 370 972 ex
382 926 418 971 eo
431 920 460 972 et
472 912 566 972 oleum
577 909 656 990 quod
667 909 897 988 sampsuchinum
904 919 1024 972 uocatur
1035 921 1082 971 aut
1093 927 1162 971 uma·

170 1001 297 1058 ruciuum
317 996 353 1056 ad
371 994 606 1056 excalfaciendos
625 993 857 1074 molliendosque
878 1011 1001 1072 nervos,
1021 1003 1050 1054 et
1067 994 1163 1054 volvas

116 1141 123 1162 q
173 1081 299 1142 calfacit
317 1077 628 1156 ioliasuggillutiscum
640 1078 729 1140 mella
741 1079 882 1140 etluxatis
890 1095 952 1138 cum
960 1093 1029 1138 cera
1037 1086 1163 1157 prosunt.

131 1177 183 1233 154
244 1163 294 1224 23.
316 1161 401 1239 (94.)
426 1163 590 1222 daemonas
613 1163 779 1223 coronarias
803 1171 910 1223 tantum
931 1162 1069 1238 diximus,
1095 1179 1197 1221 nuncu

15 1281 17 1290 ·
129 1246 342 1308 aureolanus
356 1254 389 1303 et
404 1245 543 1305 medicas.
576 1243 649 1306 Sunt
663 1247 711 1324 qui
726 1246 868 1324 phrenion
883 1255 998 1308 vocent.
1036 1246 1092 1305 duo
1107 1247 1167 1305 eins

172 1345 295 1410 genera:
316 1327 584 1406 mimastrensis,
605 1328 697 1388 altera
712 1329 796 1387 cultis
816 1343 956 1404 nascens,
979 1337 1100 1407 utraque
1124 1345 1166 1388 sa·

170 1413 291 1474 hulosis.
322 1411 404 1470 huius
424 1409 524 1490 plures
542 1411 676 1488 species,
698 1418 747 1469 aut
768 1411 841 1469 enim
860 1409 1045 1489 phoenicium
1068 1411 1167 1472 dorem

171 1496 277 1572 hahet,
300 1511 372 1574 quae
388 1502 418 1554 et
433 1493 632 1572 copiosissima
649 1500 704 1568 est,
721 1502 770 1554 ant
782 1509 956 1573 purpureum
971 1503 1019 1554 aut
1033 1495 1166 1556 lacteum.

171 1582 270 1643 harum
289 1575 373 1638 trium
392 1578 463 1638 iulia
479 1579 545 1655 apio
561 1575 663 1638 similia
682 1586 763 1654 suut,
783 1592 839 1638 nec
859 1587 972 1639 temere
991 1580 1167 1658 semipedem
1179 1607 1200 1646 tt

131 1676 180 1732 165
193 1663 340 1724 altitudine
362 1661 522 1736 excedunt,
544 1661 691 1721 cacumine
713 1663 857 1740 asparagi.
893 1662 947 1722 ilos
965 1672 1115 1742 numquam
1136 1679 1170 1724 se
1250 1659 1251 1664 ’

174 1750 267 1828 aperit
291 1748 346 1807 nisi
370 1755 457 1807 vento
482 1745 627 1822 spirante,
653 1743 728 1804 unde
753 1754 784 1804 et
802 1761 906 1806 nomen
932 1759 1085 1826 accepere.
1120 1749 1171 1807 sil-

172 1833 263 1892 vestri
284 1829 439 1908 amplitudo
455 1829 546 1890 maior
562 1827 770 1906 latioribusque
785 1825 879 1904 loliis,
907 1829 981 1890 hore
1003 1830 1169 1908 phoenicio.

172 1917 246 1975 hanc
263 1930 363 1973 errore
387 1912 465 1972 ducti
487 1925 663 1989 argemonen
683 1920 783 1991 putant
803 1913 899 1990 multi,
922 1913 971 1973 ulii
994 1929 1094 1974 rursus
1119 1931 1170 1993 pa·

132 2014 300 2078 aarepauer
315 1995 391 2074 quod
411 1995 521 2056 rhoean
534 1995 710 2056 vocavimus.
732 1993 784 2056 sed
802 1995 946 2056 distinctio
960 2011 1080 2074 magna„
1092 1999 1204 2076 quadro

173 2089 294 2158 utraque
308 2078 382 2140 haec
396 2078 624 2158 permanarent,
637 2095 693 2139 nec
707 2088 868 2140 aut'sueum
883 2080 997 2141 illarum
1012 2095 1173 2141 anemonae

173 2161 294 2224 reddunt
310 2172 358 2224 aut
376 2161 494 2238 calyces
509 2162 615 2222 hahent
630 2178 686 2227 nec
701 2159 906 2242 nisi'asparagi
922 2177 1069 2224 cucumer.
1102 2167 1173 2244 pr'o·

173 2255 239 2307 suut
251 2261 408 2308 anemonae
429 2247 531 2326 capitis
551 2244 700 2308 damulus
723 2254 752 2306 et
770 2245 1051 2324 inflammationibus,
1073 2249 1175 2309 voluis

172 2332 331 2407 mulierum,
344 2330 411 2390 lacti
424 2331 560 2410 quoque.'
570 2338 599 2389 et
610 2337 753 2389 menstrua
765 2331 841 2390 cient
855 2346 918 2390 cum
932 2334 1024 2392 tisana
1037 2341 1174 2412 sumptae

132 2422 183 2481 166
194 2425 242 2476 aut
258 2414 369 2474 vellere
385 2413 545 2490 adpositae.
575 2412 658 2472 radix
682 2413 906 2475 conmanducata
931 2417 1059 2492 pituitam
1072 2417 1176 2491 trahit,
1186 2435 1208 2474 τε

175 2498 268 2559 dentis
281 2507 373 2571 sanat,
393 2495 516 2555 dococta
532 2495 681 2558 oculorum
695 2497 852 2575 epiphoras
869 2505 898 2557 et
910 2499 1071 2560 cicatrices.
1092 2497 1177 2577 Magi

173 2579 290 2640 multum
312 2579 428 2658 quidam
452 2579 487 2637 iis
512 2578 656 2653 tribuere,
684 2581 888 2658 quamprimum
914 2582 1105 2660 adspiciam,
1136 2600 1178 2642 eo

175 2679 247 2724 anuo
263 2662 327 2723 tolli
342 2660 475 2721 inheutes
489 2661 607 2740 dicique
626 2662 726 2740 colligi
747 2679 810 2724 eam
829 2665 959 2725 tertianis
974 2675 1003 2725 et
1024 2669 1180 2744 quartanis

172 2745 319 2822 remedio,
344 2751 447 2825 postea
472 2744 592 2824 adligari
609 2746 711 2806 dorem
731 2761 825 2826 panno
840 2761 943 2808 russeo
966 2757 996 2810 et
1016 2751 1045 2809 in
1068 2750 1181 2810 umbra

138 2863 139 2866 =
174 2832 335 2907 adservari,
351 2829 399 2904 itu,
419 2845 481 2888 oum
497 2841 570 2908 opus
585 2831 631 2906 sit,
654 2831 812 2909 adalligari.
848 2831 975 2910 qnae‘ax
988 2833 1032 2892 his
1047 2833 1181 2912 phoeni·
1192 2851 1216 2893 a

173 2916 247 2975 cium
262 2914 364 2975 horem
385 2911 472 2972 hahet
492 2913 591 2974 radice
610 2916 729 2974 contrita
747 2916 917 2994 cuicumque
942 2916 1104 2977 animalium
1133 2919 1181 2976 iu-

171 3000 267 3077 posita
281 2997 363 3058 ulcus
377 2995 447 3055 lucit
468 2997 591 3074 styptica
611 2997 649 3054 vl.
673 3005 703 3056 et
717 2997 784 3056 idea
806 2999 1000 3078 expurgandis
1021 2997 1182 3061 ulceribus

172 3081 332 3142 adhibetur.
811 3101 813 3108 ’

130 3174 179 3229 167
242 3164 292 3224 24.
314 3163 398 3244 (95.)
421 3161 569 3224 Oeuauthc
587 3163 677 3224 herba
693 3166 819 3226 nascitur
838 3167 867 3225 iu
879 3167 981 3244 petris,
994 3166 1066 3227 tollo
1079 3171 1183 3246 pasti·

164 3263 278 3325 nacae,
303 3247 401 3308 radice
425 3263 543 3325 magua,
570 3263 730 3308 numerosa.
769 3249 858 3310 caulis
880 3250 942 3310 eius
958 3260 988 3313 et
1010 3251 1080 3311 lolia
1105 3267 1224 3312 cumas

171 3329 258 3389 melle
283 3347 318 3390 ac
334 3333 399 3390 vino
415 3333 498 3408 nigro
517 3339 585 3410 pota
604 3331 771 3392 facilitatem
797 3332 925 3412 pariendi
945 3343 1095 3413 praestant
1126 3351 1184 3396 se·

173 3411 337 3490 condasque
363 3425 500 3492 purgant,
527 3416 626 3474 tussim
654 3417 778 3478 emelle
805 3417 925 3494 tollunt,
948 3420 1056 3479 urinam
1078 3421 1184 3488 cient.

170 3494 253 3553 radix
268 3503 297 3553 ct
310 3499 426 3557 uesicae
441 3499 517 3558 vitiis
531 3499 669 3559 medetur.
