2552 3866
194 187 252 249 180
533 195 563 242 c.
579 194 675 242 ιιιιιι
691 193 839 242 saeuum

191 361 240 414 aut
256 352 396 430 Apiciana
418 358 552 426 coctura,
581 350 648 409 olco
671 367 706 408 ac
728 347 806 428 sala,
833 347 997 424 priusquam
1013 355 1172 424 coquantur,

150 445 201 502 144
211 437 372 497 maceratis.
411 434 464 494 llst
478 437 554 495 inter
567 433 672 494 herbas
690 449 780 509 gcuus
798 431 944 492 inserendi
961 431 1100 510 praecisis
1115 449 1173 508 ger·

190 518 311 580 minibus
332 529 362 580 et
388 519 478 578 caulis
500 520 531 577 in
549 515 702 576 medullam
723 517 831 576 semiue
854 533 892 574 ex
908 515 972 574 aliis
987 514 1093 576 addito.
1124 515 1176 574 boe

192 613 222 664 et
241 605 270 662 iu
292 620 446 662 cucumere
466 602 601 662 silvestri.
631 617 687 658 nea
703 617 761 658 ιιι
775 599 840 661 olus
858 615 974 677 quoque
990 598 1122 658 silvestre
1136 607 1176 658 est

190 687 333 765 triumpho
356 687 413 746 divi
433 685 487 745 luli
507 681 677 744 carminibus
697 683 855 761 praecipue
869 683 1001 760 iocisque
1016 682 1198 742 militaribusa

191 770 385 846 celebratum,
408 769 527 829 alteruis
548 768 655 845 quippe
676 767 808 826 versibus
831 765 1047 844 exprobravere
1066 767 1178 845 lapsana

191 873 224 914 se
237 855 347 914 vixisse
362 853 437 932 apud
453 851 656 925 Durrachium,
671 851 864 928 praemiorum
877 849 1079 928 parsimoniam
1096 849 1177 910 cavil-

188 939 295 1001 lantes.
317 947 363 997 cst
376 945 471 996 autem
486 936 514 995 id
529 952 611 1009 cyma
625 934 776 1010 silvestris.

149 1033 200 1087 145
275 1021 357 1098 (42.)
381 1018 509 1077 Omnium
521 1019 550 1078 iu
562 1019 655 1078 bortis
668 1036 764 1078 rerum
775 1017 931 1081 lautissima
943 1035 1012 1076 cura
1023 1019 1178 1095 asparagis.

150 1126 180 1168 ιι,
189 1125 223 1162 m
240 1104 285 1163 Ile
308 1103 418 1178 origiue
441 1118 539 1160 eorum
559 1104 588 1162 in
610 1102 792 1162 silvestribus
816 1103 891 1163 curis
911 1101 1022 1162 abunde
1037 1101 1138 1170 dictum
1152 1110 1181 1160 et
1190 1118 1214 1158 ιι
1259 1151 1260 1170 ,

191 1185 335 1266 quomodo
358 1201 411 1243 eos
431 1185 544 1247 iuberet
560 1184 662 1246 (lato
653 1205 682 1247 ιι
697 1186 891 1246 harundinetis
907 1187 974 1246 seri.
1007 1193 1051 1245 est
1067 1194 1095 1246 et
1110 1185 1183 1244 aliud
1259 1171 1260 1198 ¹

189 1287 282 1348 genus
304 1268 436 1328 incultius
458 1286 618 1347 asparago,
643 1271 737 1328 mitius
758 1268 896 1366 corruda,
926 1271 1032 1347 passim
1054 1269 1164 1328 etiam
1156 1287 1185 1328 ιι

154 1349 332 1412 montibus
346 1366 486 1426 nascens,
505 1352 621 1411 refertis
636 1353 795 1428 superioris
808 1350 976 1411 Germaniae
990 1353 1113 1429 campis,
1128 1370 1186 1412 uon

191 1436 307 1495 iniiesto
323 1435 422 1502 Tiberi
438 1431 572 1495 Caesaris
593 1434 670 1494 dicto
693 1433 812 1494 herbam
836 1433 876 1492 ibi
897 1433 1036 1511 quandam
1051 1435 1129 1492 nasci
1146 1438 1185 1498 si·

150 1531 201 1586 146
212 1520 355 1587 millimam
378 1535 530 1600 asparago.
559 1537 622 1578 uam
645 1517 744 1596 quod'
736 1536 765 1576 ιι
780 1515 888 1577 Neside
904 1514 1076 1595 Campaniae
1092 1517 1186 1578 insula
1197 1534 1222 1575 aa

192 1611 296 1684 sponte
311 1605 438 1664 nascitur
451 1603 539 1680 longe
554 1611 698 1682 optumum
712 1603 899 1662 existimatur.
915 1601 1099 1662 hortensium
1113 1603 1186 1660 seri·

192 1699 239 1749 tur
259 1690 406 1788 spongeis.
437 1697 482 1747 est
497 1689 570 1748 e'uim
585 1687 732 1785 plurumae
747 1678 852 1754 radicis
870 1685 1066 1763 altissimeque
1082 1686 1185 1761 germi-

191 1782 250 1834 nat.
272 1775 346 1833 viret
361 1773 460 1847 thyrso
475 1773 595 1870 primurn
610 1772 761 1846 emicante,
777 1771 825 1850 qui
842 1770 953 1830 caulem
972 1768 1098 1829 educam
1114 1778 1185 1829 tem·
1259 1775 1260 1860 ζ

192 1874 265 1936 pore
285 1859 349 1934 ipso
371 1855 546 1932 fastigatus'
537 1874 565 1914 ιι
579 1862 660 1914 toros
677 1855 801 1914 striatur.
831 1862 930 1933 potest
945 1862 974 1912 et
990 1853 1098 1912 semine
1115 1854 1184 1912 scri.
1259 1871 1260 1912 ς

153 1949 202 2004 147
213 1937 291 1998 Nubrl
316 1937 479 2014 diligentius
505 1937 711 2017 conprehendit
734 1935 826 2012 Cato,
851 1938 1093 2028 novissimumque
1119 1936 1225 1996 libuino

193 2029 255 2096 est,
283 2031 312 2080 ut
340 2022 477 2100 adpareat
497 2031 646 2101 repentem
666 2039 701 2082 ac
721 2021 862 2082 noviciam
881 2023 944 2081 viro
966 2036 1063 2082 curam
1081 2020 1185 2081 fuisse.

195 2105 291 2164 locum
310 2104 413 2182 subigi
419 2105 499 2166 iubet
512 2107 635 2166 umidum
650 2115 698 2165 aut
712 2123 853 2184 crassum,
876 2104 1046 2184 semipedali
1060 2104 1187 2181 undique

193 2189 345 2249 intervallo
367 2190 439 2264 seri,
461 2207 498 2249 ne
519 2189 664 2266 calcetur,
676 2199 839 2268 praeterea
854 2189 890 2249 sd
904 2189 999 2249 liniam
1014 2206 1103 2266 grana
1118 2187 1189 2248 bina

194 2283 242 2334 aut
263 2283 343 2333 terna
358 2273 467 2352 paxillo
486 2272 593 2333 demitti
608 2307 650 2318 -
665 2273 803 2333 videlicet
818 2275 926 2333 semiue
942 2282 1000 2332 tum
1016 2281 1123 2332 tautum
1140 2290 1187 2331 se·

153 2366 204 2421 148
214 2355 348 2417 rebantur
361 2391 412 2432 -—,
431 2357 459 2416 id
479 2356 542 2414 lieri
559 2356 714 2416 secundum
729 2359 939 2436 aequinoctium
953 2373 1080 2416 vernum.
1110 2364 1188 2418 ster·
1199 2377 1226 2417 as

197 2457 267 2499 core
282 2441 393 2515 satiari,
417 2437 521 2498 crebro
536 2440 668 2516 pnrgari,
685 2443 782 2500 caveri
796 2461 833 2500 ue
851 2459 913 2500 cum
928 2440 1027 2501 herbis
1042 2440 1190 2518 evellatur

194 2539 363 2600 asparagus
386 2522 485 2620 'primo
507 2539 581 2580 anuo
603 2531 760 2583 stramento
781 2525 816 2584 ab
839 2525 932 2584 bieme
952 2525 1080 2604 protegi,
1113 2543 1191 2584 vere

195 2606 315 2683 aperiri,
337 2605 435 2680 sariri,
458 2605 589 2682 runcari,
613 2606 699 2665 tertio
718 2608 832 2668 incendi
846 2625 948 2668 verno.
974 2625 1031 2686 quo
1047 2609 1192 2668 maturius

193 2689 329 2748 incensus
345 2697 388 2748 est
401 2685 461 2750 boc
471 2689 573 2749 melius
584 2691 727 2768 provenit.
741 2693 838 2791 itaque
849 2691 1040 2752 harundinetis
1051 2709 1192 2752 maxume

193 2773 328 2835 convenit
346 2791 421 2852 quae
441 2774 575 2833 festinant
595 2774 718 2834 incendi
745 2777 827 2836 sariri
847 2775 925 2836 iubet
941 2776 1016 2837 idem
1033 2792 1089 2835 nou
1104 2786 1191 2837 ante·
1203 2794 1230 2835 ao

192 2875 278 2936 quam
291 2873 448 2936 asparagus
463 2867 544 2917 uatus
558 2857 654 2933 luerit,
669 2877 705 2918 ue
720 2860 748 2917 iu
764 2857 895 2923 sariendo
907 2860 1019 2920 radices
1031 2870 1192 2920 vexentur.

153 2949 253 3005 latex
278 2947 316 3001 co
341 2940 411 3000 velli
433 2959 604 3020 asparagum
626 2941 662 3000 ab
685 2940 782 3002 radice
803 2962 926 3005 -uam
948 2945 973 3004 si
994 2943 1193 3020 deiriugatur,

195 3027 372 3104 stirpescere
395 3033 424 3084 et
443 3025 590 3084 intermori
602 3059 660 3102 -,
678 3024 763 3100 velli,
789 3025 882 3087 donec
902 3029 930 3086 in
951 3045 1049 3087 semen
1069 3037 1129 3087 eat.
1161 3029 1195 3087 id

195 3119 288 3169 autem
304 3118 499 3168 maturescere
515 3108 550 3168 ad
565 3127 634 3184 ver,
656 3109 842 3188 incendique,
865 3130 899 3172 ae
914 3128 1029 3188 rursus,
1054 3129 1119 3171 cum
1136 3113 1194 3172 ad-

193 3193 320 3270 paruerit
340 3209 512 3293 asparagus,
537 3193 674 3256 sariri-ac
693 3196 857 3255 stercorari.
883 3213 917 3254 ac
935 3204 1002 3274 post
1018 3213 1109 3256 anuos
1134 3215 1195 3256 no·
1207 3211 1234 3254 os

193 3291 274 3351 vem,
300 3293 362 3337 cum
384 3295 439 3338 ram
452 3284 535 3336 vetus
549 3279 600 3352 sit,
624 3278 714 3354 digeri
729 3276 848 3339 subacto
865 3287 1100 3359 stercoratoque‚
1125 3289 1197 3341 tum

193 3362 332 3437 spongeis
353 3363 426 3436 seri,
448 3361 623 3438 singulorum
643 3361 747 3445 pedum
767 3362 929 3424 intervallo.
962 3365 1028 3442 quin
1044 3373 1072 3423 et
1089 3365 1195 3426 ovillo

153 3451 205 3506 150
215 3440 280 3503 bmo
295 3446 456 3506 nominatim
472 3446 521 3521 uti,
541 3444 672 3523 quoniam
688 3430 764 3506 aliud
781 3445 885 3508 herbas
901 3457 990 3508 creet.
1021 3446 1084 3508 Nec
1100 3451 1196 3527 quic
