2538 3864
185 193 247 254 272
506 201 537 250 c.
553 203 649 252 rurus
664 173 813 251 snouuor
1055 257 1060 266 ,
1092 227 1094 233 -

184 378 273 440 pora,
295 367 327 418 ut
346 359 410 420 aliis
431 359 523 438 prosit
546 356 623 418 aliud
646 357 725 418 horis
747 357 867 436 diesque
888 355 983 416 nullus
1006 333 1099 434 prope
1115 357 1182 428 ,sins

185 443 337 524 praesidiis
352 445 523 520 reperiatur.

142 538 174 592 31
251 529 299 590 13.
323 526 406 606 (15.)
427 525 525 586 Urtioa
543 525 610 604 quid
628 543 696 585 esse
711 526 828 585 invisius
844 521 962 603 potest?
984 522 1012 582 a't
1026 520 1077 582 illa
1097 538 1181 600 prae·

143 621 261 674 macter
287 611 383 670 oleum
406 610 490 690 quod-
506 612 534 668 iu
551 611 687 687 Aegypto
709 628 747 669 ex
764 627 798 670 ea
820 609 884 669 ieri
907 608 1028 668 diximus
1048 605 1096 664 vel
1118 605 1180 684 plu·
1250 627 1251 686 p

183 695 270 755 rumis
291 703 384 756 scatet
407 695 552 754 remediis.
583 710 684 752 semen
705 695 768 754 eius
789 694 901 753 cicutae
924 690 1097 751 contrarium
1113 699 1205 748 esses

183 778 328 840 Nicander
348 778 491 854 adfirmat,
512 779 580 837 item
601 777 697 853 iungis
718 786 748 836 et
768 786 889 854 argento
909 776 992 851 vivo,
1019 773 1182 851 Apollodo-

184 881 232 924 rus
260 871 289 922 et
310 861 495 922 salamandris
512 877 574 921 cum
600 861 662 919 iure
683 869 786 921 coctae
805 861 972 940 testudinis,
994 860 1061 918 item
1080 857 1182 916 adver-

157 953 159 964 *
184 947 241 1007 sari
255 947 432 1023 hyoscyamo
446 955 476 1005 et
489 943 673 1025 serpentibus
691 954 720 1006 et
736 943 948 1023 scorpionibus.
964 944 1040 1020 ¹quin
1054 942 1119 1018 ipsa
1134 941 1183 1001 illa

184 1027 340 1092 amaritudo
364 1029 484 1090 mordax
501 1046 570 1089 uvas
592 1031 620 1088 in
646 1046 698 1090 ore
721 1029 955 1109 procidentisque
970 1026 1073 1085 volvas
1090 1034 1121 1083 et
1144 1025 1182 1082 iu·

185 1116 301 1175 fantium
328 1114 415 1174 sedes
440 1123 517 1174 tactu
541 1113 657 1174 resilire
686 1115 780 1192 cogit,
810 1112 988 1188 lethargicos
1007 1107 1212 1186 ‘expergisclo
1250 1149 1251 1217 l

143 1207 177 1261 32
189 1199 272 1259 tactis
289 1196 421 1255 cruribus
441 1199 591 1277 magisque
613 1197 718 1257 ironte.
758 1196 857 1256 eadem
875 1196 953 1254 canis
974 1191 1118 1256 morsibus
1137 1193 1183 1251 ad·
1250 1225 1251 1250 t

185 1281 244 1341 dito
268 1278 330 1338 sale
350 1279 498 1355 medetur,
530 1282 698 1356 sanguinem
720 1282 785 1338 trita
807 1279 923 1339 naribus
951 1277 1038 1336 indita
1059 1277 1137 1335 sistit
1157 1285 1184 1334 et

118 1411 121 1420 ,
183 1362 277 1438 magis
290 1361 398 1421 radice.
430 1363 622 1422 carcinomata
644 1371 673 1420 et
693 1361 808 1422 sordida
834 1361 932 1420 ulcera
956 1358 1018 1418 sale
1044 1358 1183 1434 admixto,

184 1450 252 1506 item
272 1445 369 1504 luxata
386 1452 467 1504 sanat
488 1453 517 1504 et
538 1460 646 1523 panos,
666 1443 814 1522 parotidas
835 1444 990 1520 carnisque
1012 1442 1048 1501 ab
1068 1442 1184 1502 ossibus

183 1529 357 1589 recedentis.
395 1544 494 1588 semen
525 1538 623 1607 potum
659 1545 722 1587 cum
749 1545 820 1606 sapa
849 1527 964 1586 volvam
995 1527 1184 1602 strangulatis
1193 1543 1214 1581 m

185 1614 296 1692 aperit,
328 1611 477 1691 prolluvia-
500 1613 617 1672 narium.
639 1612 715 1671 sistit
743 1612 906 1689 inpositum.
955 1610 1129 1670 vomitiones
1157 1612 1185 1668 iu

186 1714 260 1776 aqua
274 1696 371 1762 ,mulsa
392 1705 531 1774 sumptum
552 1714 569 1756 a
591 1713 663 1756 cena
684 1695 779 1756 iacllis
795 1703 925 1774 praestat
939 1693 1051 1754 duobus
1074 1692 1184 1769 obolis,

143 1790 245 1865 diupo
267 1790 362 1842 autem
378 1782 414 1840 iu
434 1781 501 1840 vino
525 1788 594 1858 poto
616 1778 800 1839 lassitudines
823 1787 948 1838 recreat.
982 1777 1087 1837 volvae
1107 1779 1185 1836 vitiis

185 1874 291 1925 tostum
316 1863 458 1924 acetabuli
480 1881 612 1923 mensura
643 1870 742 1941 potum
763 1863 791 1921 in
819 1879 889 1940 sapa
912 1862 1022 1922 resistit
1042 1860 1184 1920 stomachi

185 1946 387 2008 inflationibus.
428 1947 626 2026 orthopnoicis
647 1946 766 2025 prodest
788 1964 850 2005 cum
871 1945 958 2008 melle
980 1955 1009 2005 et
1032 1945 1217 2005 thoracemso

186 2040 290 2108 purgat
307 2029 411 2089 eodem
433 2029 585 2106 ecligmate
608 2039 638 2089 et
653 2031 738 2090 lateri
757 2029 888 2089 medetur
911 2047 973 2090 cum
993 2030 1104 2088 semine
1121 2028 1184 2087 lini.

187 2112 291 2172 addunt
305 2107 446 2192 hysopum
463 2123 491 2172 et
506 2114 615 2193 piperis
633 2113 748 2190 aliquid.
781 2112 906 2172 inlinitur
926 2113 1012 2188 lieni,
1034 2111 1187 2172 difficilem

143 2203 318 2285 3lventrem
339 2206 444 2257 tostum
469 2197 536 2256 cibo
563 2197 681 2256 emollit.
713 2196 907 2275 Hippocrates
927 2197 1042 2256 volvam
1063 2198 1186 2274 purgari

92 2295 98 2306 ·
186 2288 256 2358 poto
274 2295 310 2340 eo
331 2281 510 2358 pronuntiat,
534 2280 639 2339 dolore
656 2279 747 2338 levari
768 2287 846 2340 tosto
868 2280 1012 2340 acetabuli
1036 2297 1185 2354 mensura,

187 2363 354 2442 dulcipoto
376 2373 405 2424 et
427 2363 553 2440 inposito
577 2381 639 2422 cum
660 2379 730 2422 suco
755 2363 875 2442 malvae.
908 2365 1107 2423 intestinorum
1124 2365 1220 2422 ani-²⁵

185 2445 270 2504 malla
286 2445 355 2522 pelli
370 2464 433 2506 cum
447 2443 638 2519 hydromelite
655 2454 683 2504 et
698 2445 776 2520 sale,
800 2447 922 2522 defluvia
945 2447 1046 2524 capitis
1070 2449 1188 2506 semine

186 2528 265 2587 inlito
282 2527 475 2588 cohonestari.
515 2528 684 2588 articulariis
699 2528 805 2588 morbis
828 2539 857 2588 et
874 2531 1040 2608 podagricis
1057 2531 1188 2608 plurumi

187 2627 248 2668 cum
266 2609 334 2669 oleo
356 2620 457 2669 vetere
481 2618 527 2670 aut
546 2610 617 2670 folia
638 2629 701 2671 cum
720 2615 817 2672 ursino
833 2613 916 2692 adipe
938 2615 1003 2672 trita
1030 2615 1187 2691 inponunt.

186 2691 221 2750 ad
237 2692 337 2752 eadem
351 2694 433 2754 radix
446 2702 529 2754 tunsa
545 2712 608 2754 cum
621 2705 705 2755 aceto
723 2714 781 2756 nou
797 2698 886 2755 miuus
902 2697 995 2772 utilis,
1015 2697 1086 2756 item
1102 2696 1188 2776 lieni,

187 2783 216 2834 et
231 2782 314 2836 cocta
340 2778 368 2836 in
392 2780 458 2838 vino
484 2778 600 2838 discutit
625 2796 716 2857 panos
741 2798 804 2839 cum
826 2782 947 2860 axungia
967 2789 1070 2840 vetere
1091 2781 1187 2841 salsa.
1199 2799 1222 2839 so

143 2859 289 2924 btesdem
315 2861 465 2939 psilotrum
495 2870 540 2921 est
570 2864 656 2922 sicca.
688 2861 821 2922 Condidit
845 2863 945 2923 laudes
974 2865 1035 2923 eius
1056 2863 1188 2924 Phanias

186 2942 338 3021 physicus,
358 2945 535 3004 utilissimam
556 2944 629 3004 cibis
645 2954 755 3005 coctam
771 2946 951 3008 conditamve
966 2948 1121 3026 professus
1137 2965 1188 3008 ar·

186 3027 290 3106 teriae,
314 3029 403 3103 tussi,
424 3029 532 3086 ventris
553 3027 751 3104 destillationi,
774 3030 939 3105 stomacho,
966 3032 1064 3107 panis,
1092 3047 1187 3109 paro-

186 3108 307 3186 tidibus,
329 3110 530 3189 pernionibus,
552 3128 615 3170 cum
636 3109 703 3171 oleo
722 3111 871 3188 sudorem,
895 3121 1008 3172 coctam
1027 3131 1091 3172 oum
1111 3133 1186 3174 eon·

188 3191 293 3266 chyliis‘
306 3197 382 3255 ciere
397 3193 508 3270 alvom,
525 3212 587 3253 cum
605 3196 694 3254 tisana
711 3203 811 3272 pectus
827 3199 952 3272 purgare
967 3197 1187 3276 mulierumque
1197 3211 1223 3250 3⁵

143 3280 179 3336 36
188 3292 319 3353 menses,
341 3295 402 3337 cum
417 3277 478 3338 sale
497 3277 594 3338 ulcera
610 3294 683 3356 quae
698 3287 814 3356 serpant
829 3279 976 3339 cohibere.
1010 3281 1089 3340 Suco
1107 3299 1186 3359 quo-

187 3375 243 3436 que
266 3361 294 3418 in
314 3379 366 3420 usu
387 3370 441 3420 est.
476 3377 632 3440 expressus
652 3359 746 3420 inlitus
770 3361 856 3422 fronti
877 3365 1043 3440 sauguinem
1064 3368 1188 3424 narium

187 3441 273 3519 sistit,
294 3453 378 3522 potus
392 3446 498 3505 urinam
514 3447 586 3522 ciet,
606 3443 734 3505 calculos
750 3446 863 3524 rumpit,
879 3464 962 3506 uvam
976 3449 1187 3525 gargarizatus
