<?xml version="1.0" encoding="UTF-8"?>
<!DOCTYPE html PUBLIC "-//W3C//DTD XHTML 1.0 Transitional//EN"
    "http://www.w3.org/TR/xhtml1/DTD/xhtml1-transitional.dtd">
<html xmlns="http://www.w3.org/1999/xhtml" xml:lang="en" lang="en">
 <head>
  <title>
</title>
<meta http-equiv="Content-Type" content="text/html;charset=utf-8" />
  <meta name='ocr-system' content='tesseract 3.04.00' />
  <meta name='ocr-capabilities' content='ocr_page ocr_carea ocr_par ocr_line ocrx_word'/>
</head>
<body>
  <div class='ocr_page' id='page_1' title='image "./cplinisecundina23plingoog_0261.png"; bbox 0 0 2552 3866; ppageno 0'>
   <div class='ocr_carea' id='block_1_1' title="bbox 207 214 866 276">
    <p class='ocr_par' dir='ltr' id='par_1_1' title="bbox 207 214 866 276">
     <span class='ocr_line' id='line_1_1' title="bbox 207 214 866 276; baseline -0.014 -1"><span class='ocrx_word' id='word_1_1' title='bbox 207 214 268 276; x_wconf 84' lang='lat'>204</span> <span class='ocrx_word' id='word_1_2' title='bbox 557 219 588 270; x_wconf 91' lang='lat' dir='ltr'>o.</span> <span class='ocrx_word' id='word_1_3' title='bbox 603 221 697 267; x_wconf 81' lang='lat' dir='ltr'>rnrnr</span> <span class='ocrx_word' id='word_1_4' title='bbox 715 218 866 268; x_wconf 77' lang='lat' dir='ltr'>sacuam</span> 
     </span>
    </p>
   </div>
   <div class='ocr_carea' id='block_1_2' title="bbox 149 374 1235 1288">
    <p class='ocr_par' dir='ltr' id='par_1_2' title="bbox 203 374 1207 708">
     <span class='ocr_line' id='line_1_2' title="bbox 203 374 1206 454; baseline 0 -18"><span class='ocrx_word' id='word_1_5' title='bbox 203 378 247 436; x_wconf 85' lang='lat' dir='ltr'>vis</span> <span class='ocrx_word' id='word_1_6' title='bbox 271 386 300 437; x_wconf 90' lang='lat' dir='ltr'>et</span> <span class='ocrx_word' id='word_1_7' title='bbox 320 375 450 435; x_wconf 74' lang='lat' dir='ltr'>dentibus</span> <span class='ocrx_word' id='word_1_8' title='bbox 471 374 520 434; x_wconf 84' lang='lat' dir='ltr'>uel</span> <span class='ocrx_word' id='word_1_9' title='bbox 535 393 589 452; x_wconf 89' lang='lat' dir='ltr'>per</span> <span class='ocrx_word' id='word_1_10' title='bbox 610 391 642 434; x_wconf 90' lang='lat' dir='ltr'>sc</span> <span class='ocrx_word' id='word_1_11' title='bbox 664 374 897 434; x_wconf 73' lang='lat' dir='ltr'>conmanducata.</span> <span class='ocrx_word' id='word_1_12' title='bbox 920 376 1031 435; x_wconf 90' lang='lat' dir='ltr'>taenias</span> <span class='ocrx_word' id='word_1_13' title='bbox 1049 375 1206 454; x_wconf 82' lang='lat' dir='ltr'>etreliqua</span> 
     </span>
     <span class='ocr_line' id='line_1_3' title="bbox 204 458 1205 538; baseline -0.002 -18"><span class='ocrx_word' id='word_1_14' title='bbox 204 462 312 520; x_wconf 91' lang='lat' dir='ltr'>ventris</span> <span class='ocrx_word' id='word_1_15' title='bbox 328 458 458 520; x_wconf 89' lang='lat' dir='ltr'>animalia</span> <span class='ocrx_word' id='word_1_16' title='bbox 472 458 556 536; x_wconf 86' lang='lat' dir='ltr'>pellit</span> <span class='ocrx_word' id='word_1_17' title='bbox 569 476 606 516; x_wconf 86' lang='lat' dir='ltr'>err</span> <span class='ocrx_word' id='word_1_18' title='bbox 617 467 702 518; x_wconf 89' lang='lat' dir='ltr'>aceto</span> <span class='ocrx_word' id='word_1_19' title='bbox 719 468 748 518; x_wconf 91' lang='lat' dir='ltr'>et</span> <span class='ocrx_word' id='word_1_20' title='bbox 758 459 845 518; x_wconf 87' lang='lat' dir='ltr'>melle</span> <span class='ocrx_word' id='word_1_21' title='bbox 858 468 980 538; x_wconf 87' lang='lat' dir='ltr'>sumpta.</span> <span class='ocrx_word' id='word_1_22' title='bbox 1007 459 1123 536; x_wconf 78' lang='lat' dir='ltr'>linguae</span> <span class='ocrx_word' id='word_1_23' title='bbox 1136 476 1205 537; x_wconf 92' lang='lat' dir='ltr'>quo·</span> 
     </span>
     <span class='ocr_line' id='line_1_4' title="bbox 205 542 1207 623; baseline -0.003 -19"><span class='ocrx_word' id='word_1_24' title='bbox 205 564 261 623; x_wconf 90' lang='lat' dir='ltr'>que</span> <span class='ocrx_word' id='word_1_25' title='bbox 284 560 389 602; x_wconf 88' lang='lat' dir='ltr'>recens</span> <span class='ocrx_word' id='word_1_26' title='bbox 410 542 541 616; x_wconf 87' lang='lat' dir='ltr'>subiecta</span> <span class='ocrx_word' id='word_1_27' title='bbox 558 551 744 618; x_wconf 70' lang='lat' dir='ltr'>praestatae</span> <span class='ocrx_word' id='word_1_28' title='bbox 764 543 916 622; x_wconf 74' lang='lat' dir='ltr'>hydropici</span> <span class='ocrx_word' id='word_1_29' title='bbox 941 543 1044 603; x_wconf 84' lang='lat' dir='ltr'>sitiant.</span> <span class='ocrx_word' id='word_1_30' title='bbox 1074 546 1207 622; x_wconf 81' lang='lat' dir='ltr'>coquitur</span> 
     </span>
     <span class='ocr_line' id='line_1_5' title="bbox 204 625 1204 708; baseline -0.001 -21"><span class='ocrx_word' id='word_1_31' title='bbox 204 627 334 708; x_wconf 89' lang='lat' dir='ltr'>pluribus</span> <span class='ocrx_word' id='word_1_32' title='bbox 347 626 450 703; x_wconf 87' lang='lat' dir='ltr'>modis,</span> <span class='ocrx_word' id='word_1_33' title='bbox 466 629 494 684; x_wconf 93' lang='lat' dir='ltr'>in</span> <span class='ocrx_word' id='word_1_34' title='bbox 511 625 570 684; x_wconf 93' lang='lat' dir='ltr'>olla</span> <span class='ocrx_word' id='word_1_35' title='bbox 585 643 660 703; x_wconf 90' lang='lat' dir='ltr'>quae</span> <span class='ocrx_word' id='word_1_36' title='bbox 677 628 817 686; x_wconf 83' lang='lat' dir='ltr'>coiciatur</span> <span class='ocrx_word' id='word_1_37' title='bbox 828 628 857 685; x_wconf 92' lang='lat' dir='ltr'>in</span> <span class='ocrx_word' id='word_1_38' title='bbox 870 626 1012 686; x_wconf 88' lang='lat' dir='ltr'>clibanum</span> <span class='ocrx_word' id='word_1_39' title='bbox 1026 636 1073 687; x_wconf 91' lang='lat' dir='ltr'>aut</span> <span class='ocrx_word' id='word_1_40' title='bbox 1083 627 1204 702; x_wconf 80' lang='lat' dir='ltr'>furnum,</span> 
     </span>
    </p>

    <p class='ocr_par' dir='ltr' id='par_1_3' title="bbox 162 708 1228 956">
     <span class='ocr_line' id='line_1_6' title="bbox 162 708 1228 790; baseline -0.008 -14"><span class='ocrx_word' id='word_1_41' title='bbox 162 725 215 776; x_wconf 95' lang='grc'>100</span> <span class='ocrx_word' id='word_1_42' title='bbox 226 713 274 772; x_wconf 86' lang='lat' dir='ltr'>vel</span> <span class='ocrx_word' id='word_1_43' title='bbox 295 711 381 790; x_wconf 84' lang='lat' dir='ltr'>adipe</span> <span class='ocrx_word' id='word_1_44' title='bbox 402 719 450 771; x_wconf 89' lang='lat' dir='ltr'>aut</span> <span class='ocrx_word' id='word_1_45' title='bbox 471 709 530 769; x_wconf 90' lang='lat' dir='ltr'>luto</span> <span class='ocrx_word' id='word_1_46' title='bbox 546 708 642 784; x_wconf 84' lang='lat' dir='ltr'>inlita,</span> <span class='ocrx_word' id='word_1_47' title='bbox 663 719 712 768; x_wconf 90' lang='lat' dir='ltr'>ant</span> <span class='ocrx_word' id='word_1_48' title='bbox 735 711 877 770; x_wconf 79' lang='lat' dir='ltr'>frustatim</span> <span class='ocrx_word' id='word_1_49' title='bbox 890 711 920 768; x_wconf 93' lang='lat' dir='ltr'>in</span> <span class='ocrx_word' id='word_1_50' title='bbox 933 712 1046 788; x_wconf 89' lang='lat' dir='ltr'>patinis.</span> <span class='ocrx_word' id='word_1_51' title='bbox 1075 719 1104 770; x_wconf 89' lang='lat' dir='ltr'>et</span> <span class='ocrx_word' id='word_1_52' title='bbox 1119 711 1228 770; x_wconf 82' lang='lat' dir='ltr'>crudas</span> 
     </span>
     <span class='ocr_line' id='line_1_7' title="bbox 205 791 1205 874; baseline 0 -20"><span class='ocrx_word' id='word_1_53' title='bbox 205 799 341 869; x_wconf 86' lang='lat' dir='ltr'>siccatur,</span> <span class='ocrx_word' id='word_1_54' title='bbox 359 794 464 856; x_wconf 89' lang='lat' dir='ltr'>deinde</span> <span class='ocrx_word' id='word_1_55' title='bbox 479 791 638 852; x_wconf 89' lang='lat' dir='ltr'>conciditur</span> <span class='ocrx_word' id='word_1_56' title='bbox 652 793 844 872; x_wconf 86' lang='lat' dir='ltr'>coquiturque</span> <span class='ocrx_word' id='word_1_57' title='bbox 859 797 888 853; x_wconf 92' lang='lat' dir='ltr'>in</span> <span class='ocrx_word' id='word_1_58' title='bbox 903 802 999 871; x_wconf 80' lang='lat' dir='ltr'>aceto,</span> <span class='ocrx_word' id='word_1_59' title='bbox 1016 805 1075 855; x_wconf 88' lang='lat' dir='ltr'>turn</span> <span class='ocrx_word' id='word_1_60' title='bbox 1087 813 1205 874; x_wconf 91' lang='lat' dir='ltr'>serpen·</span> 
     </span>
     <span class='ocr_line' id='line_1_8' title="bbox 205 878 1206 976; baseline -0.002 -36"><span class='ocrx_word' id='word_1_61' title='bbox 205 882 273 940; x_wconf 89' lang='lat' dir='ltr'>tium</span> <span class='ocrx_word' id='word_1_62' title='bbox 288 879 392 938; x_wconf 88' lang='lat' dir='ltr'>ictibus</span> <span class='ocrx_word' id='word_1_63' title='bbox 407 878 560 956; x_wconf 84' lang='lat' dir='ltr'>inponitur.</span> <span class='ocrx_word' id='word_1_64' title='bbox 587 884 664 936; x_wconf 90' lang='lat' dir='ltr'>tosta</span> <span class='ocrx_word' id='word_1_65' title='bbox 682 895 798 976; x_wconf 30' lang='lat' dir='ltr'>quotque</span> <span class='ocrx_word' id='word_1_66' title='bbox 814 886 954 956; x_wconf 84' lang='lat' dir='ltr'>purgatur</span> <span class='ocrx_word' id='word_1_67' title='bbox 968 887 997 938; x_wconf 92' lang='lat' dir='ltr'>et</span> <span class='ocrx_word' id='word_1_68' title='bbox 1010 879 1132 939; x_wconf 90' lang='lat' dir='ltr'>medium</span> <span class='ocrx_word' id='word_1_69' title='bbox 1145 880 1206 940; x_wconf 91' lang='lat' dir='ltr'>eius</span> 
     </span>
    </p>

    <p class='ocr_par' dir='ltr' id='par_1_4' title="bbox 149 961 1235 1288">
     <span class='ocr_line' id='line_1_9' title="bbox 149 961 1207 1041; baseline -0.003 -17"><span class='ocrx_word' id='word_1_70' title='bbox 149 965 151 972; x_wconf 58' lang='lat'><strong>⁴</strong></span> <span class='ocrx_word' id='word_1_71' title='bbox 204 967 307 1024; x_wconf 90' lang='lat' dir='ltr'>iterum</span> <span class='ocrx_word' id='word_1_72' title='bbox 325 963 353 1020; x_wconf 94' lang='lat' dir='ltr'>in</span> <span class='ocrx_word' id='word_1_73' title='bbox 372 979 445 1039; x_wconf 90' lang='lat' dir='ltr'>aqua</span> <span class='ocrx_word' id='word_1_74' title='bbox 465 961 605 1038; x_wconf 85' lang='lat' dir='ltr'>coquitur</span> <span class='ocrx_word' id='word_1_75' title='bbox 635 978 705 1019; x_wconf 89' lang='lat' dir='ltr'>usus</span> <span class='ocrx_word' id='word_1_76' title='bbox 720 979 762 1020; x_wconf 90' lang='lat' dir='ltr'>src</span> <span class='ocrx_word' id='word_1_77' title='bbox 782 971 884 1022; x_wconf 90' lang='lat' dir='ltr'>coctae</span> <span class='ocrx_word' id='word_1_78' title='bbox 904 961 940 1021; x_wconf 90' lang='lat' dir='ltr'>ad</span> <span class='ocrx_word' id='word_1_79' title='bbox 954 961 1150 1041; x_wconf 74' lang='lat' dir='ltr'>hydropicos</span> <span class='ocrx_word' id='word_1_80' title='bbox 1172 961 1207 1021; x_wconf 91' lang='lat' dir='ltr'>ad</span> 
     </span>
     <span class='ocr_line' id='line_1_10' title="bbox 205 1042 1207 1124; baseline -0.002 -17"><span class='ocrx_word' id='word_1_81' title='bbox 205 1049 313 1111; x_wconf 91' lang='lat' dir='ltr'>urinam</span> <span class='ocrx_word' id='word_1_82' title='bbox 329 1045 458 1104; x_wconf 86' lang='lat' dir='ltr'>ciendam</span> <span class='ocrx_word' id='word_1_83' title='bbox 472 1042 563 1102; x_wconf 89' lang='lat' dir='ltr'>trihus</span> <span class='ocrx_word' id='word_1_84' title='bbox 579 1043 675 1103; x_wconf 85' lang='lat' dir='ltr'>obolis</span> <span class='ocrx_word' id='word_1_85' title='bbox 692 1063 755 1104; x_wconf 92' lang='lat' dir='ltr'>cum</span> <span class='ocrx_word' id='word_1_86' title='bbox 768 1046 857 1106; x_wconf 89' lang='lat' dir='ltr'>melle</span> <span class='ocrx_word' id='word_1_87' title='bbox 873 1056 902 1106; x_wconf 93' lang='lat' dir='ltr'>et</span> <span class='ocrx_word' id='word_1_88' title='bbox 917 1055 1001 1106; x_wconf 90' lang='lat' dir='ltr'>aceto</span> <span class='ocrx_word' id='word_1_89' title='bbox 1017 1056 1121 1124; x_wconf 83' lang='lat' dir='ltr'>potae,</span> <span class='ocrx_word' id='word_1_90' title='bbox 1139 1047 1207 1105; x_wconf 89' lang='lat' dir='ltr'>item</span> 
     </span>
     <span class='ocr_line' id='line_1_11' title="bbox 205 1122 1235 1210; baseline -0.005 -20"><span class='ocrx_word' id='word_1_91' title='bbox 205 1131 353 1210; x_wconf 88' lang='lat' dir='ltr'>splenicos</span> <span class='ocrx_word' id='word_1_92' title='bbox 368 1136 399 1185; x_wconf 88' lang='lat' dir='ltr'>et</span> <span class='ocrx_word' id='word_1_93' title='bbox 416 1122 628 1204; x_wconf 82' lang='lat' dir='ltr'>stomachicus,</span> <span class='ocrx_word' id='word_1_94' title='bbox 644 1130 670 1187; x_wconf 91' lang='lat' dir='ltr'>si</span> <span class='ocrx_word' id='word_1_95' title='bbox 687 1147 754 1188; x_wconf 94' lang='lat' dir='ltr'>non</span> <span class='ocrx_word' id='word_1_96' title='bbox 758 1132 882 1192; x_wconf 83' lang='lat' dir='ltr'>sentiant</span> <span class='ocrx_word' id='word_1_97' title='bbox 897 1130 991 1207; x_wconf 87' lang='lat' dir='ltr'>ulcus,</span> <span class='ocrx_word' id='word_1_98' title='bbox 1010 1129 1136 1208; x_wconf 92' lang='lat' dir='ltr'>quihus</span> <span class='ocrx_word' id='word_1_99' title='bbox 1127 1147 1203 1189; x_wconf 91' lang='lat' dir='ltr'>rnna·</span> <span class='ocrx_word' id='word_1_100' title='bbox 1215 1145 1235 1185; x_wconf 86' lang='grc' dir='ltr'>ιι</span> 
     </span>
     <span class='ocr_line' id='line_1_12' title="bbox 204 1209 1209 1288; baseline -0.002 -15"><span class='ocrx_word' id='word_1_101' title='bbox 204 1222 245 1273; x_wconf 93' lang='lat' dir='ltr'>tet</span> <span class='ocrx_word' id='word_1_102' title='bbox 261 1210 358 1284; x_wconf 89' lang='lat' dir='ltr'>cibus,</span> <span class='ocrx_word' id='word_1_103' title='bbox 381 1209 417 1268; x_wconf 93' lang='lat' dir='ltr'>ad</span> <span class='ocrx_word' id='word_1_104' title='bbox 435 1213 572 1286; x_wconf 86' lang='lat' dir='ltr'>tormina,</span> <span class='ocrx_word' id='word_1_105' title='bbox 595 1214 696 1288; x_wconf 73' lang='lat' dir='ltr'>regios</span> <span class='ocrx_word' id='word_1_106' title='bbox 716 1214 853 1288; x_wconf 90' lang='lat' dir='ltr'>morbos,</span> <span class='ocrx_word' id='word_1_107' title='bbox 874 1216 974 1274; x_wconf 90' lang='lat' dir='ltr'>tussim</span> <span class='ocrx_word' id='word_1_108' title='bbox 990 1224 1123 1274; x_wconf 87' lang='lat' dir='ltr'>veterem</span> <span class='ocrx_word' id='word_1_109' title='bbox 1145 1231 1209 1272; x_wconf 93' lang='lat' dir='ltr'>cum</span> 
     </span>
    </p>
   </div>
   <div class='ocr_carea' id='block_1_3' title="bbox 51 1292 1209 1382">
    <p class='ocr_par' dir='ltr' id='par_1_5' title="bbox 51 1292 1209 1382">
     <span class='ocr_line' id='line_1_13' title="bbox 51 1292 1209 1382; baseline 0.003 -29"><span class='ocrx_word' id='word_1_110' title='bbox 51 1357 55 1364; x_wconf 63' lang='grc'>,</span> <span class='ocrx_word' id='word_1_111' title='bbox 164 1309 356 1370; x_wconf 76' lang='lat' dir='ltr'>101susprrro</span> <span class='ocrx_word' id='word_1_112' title='bbox 387 1292 511 1353; x_wconf 85' lang='lat' dir='ltr'>Discutit</span> <span class='ocrx_word' id='word_1_113' title='bbox 532 1302 561 1352; x_wconf 92' lang='lat' dir='ltr'>et</span> <span class='ocrx_word' id='word_1_114' title='bbox 580 1296 658 1354; x_wconf 90' lang='lat' dir='ltr'>foliis</span> <span class='ocrx_word' id='word_1_115' title='bbox 675 1305 795 1354; x_wconf 89' lang='lat' dir='ltr'>strumas</span> <span class='ocrx_word' id='word_1_116' title='bbox 810 1296 956 1370; x_wconf 89' lang='lat' dir='ltr'>quadrinis</span> <span class='ocrx_word' id='word_1_117' title='bbox 977 1298 1079 1356; x_wconf 92' lang='lat' dir='ltr'>diebus</span> <span class='ocrx_word' id='word_1_118' title='bbox 1102 1297 1209 1382; x_wconf 86' lang='lat' dir='ltr'>soluta,</span> 
     </span>
    </p>
   </div>
   <div class='ocr_carea' id='block_1_4' title="bbox 144 1375 1240 1874">
    <p class='ocr_par' dir='ltr' id='par_1_6' title="bbox 146 1375 1240 1621">
     <span class='ocr_line' id='line_1_14' title="bbox 146 1375 1210 1455; baseline 0.001 -16"><span class='ocrx_word' id='word_1_119' title='bbox 146 1450 150 1455; x_wconf 40' lang='grc'>,</span> <span class='ocrx_word' id='word_1_120' title='bbox 203 1375 328 1440; x_wconf 87' lang='lat' dir='ltr'>iuriures</span> <span class='ocrx_word' id='word_1_121' title='bbox 345 1377 447 1455; x_wconf 90' lang='lat' dir='ltr'>capitis</span> <span class='ocrx_word' id='word_1_122' title='bbox 464 1384 493 1434; x_wconf 86' lang='lat' dir='ltr'>et</span> <span class='ocrx_word' id='word_1_123' title='bbox 506 1377 605 1435; x_wconf 91' lang='lat' dir='ltr'>ulcera</span> <span class='ocrx_word' id='word_1_124' title='bbox 620 1379 759 1435; x_wconf 90' lang='lat' dir='ltr'>manantia</span> <span class='ocrx_word' id='word_1_125' title='bbox 780 1376 859 1436; x_wconf 89' lang='lat' dir='ltr'>inlita</span> <span class='ocrx_word' id='word_1_126' title='bbox 884 1397 922 1436; x_wconf 82' lang='lat' dir='ltr'>ex</span> <span class='ocrx_word' id='word_1_127' title='bbox 943 1380 1011 1438; x_wconf 90' lang='lat' dir='ltr'>oleo</span> <span class='ocrx_word' id='word_1_128' title='bbox 1034 1389 1128 1440; x_wconf 92' lang='lat' dir='ltr'>cocta.</span> <span class='ocrx_word' id='word_1_129' title='bbox 1162 1399 1210 1440; x_wconf 91' lang='lat' dir='ltr'>co-</span> 
     </span>
     <span class='ocr_line' id='line_1_15' title="bbox 205 1457 1212 1560; baseline 0.004 -40"><span class='ocrx_word' id='word_1_130' title='bbox 205 1461 299 1560; x_wconf 90' lang='lat' dir='ltr'>quitur</span> <span class='ocrx_word' id='word_1_131' title='bbox 314 1460 367 1518; x_wconf 89' lang='lat' dir='ltr'>et</span> <span class='ocrx_word' id='word_1_132' title='bbox 358 1477 387 1518; x_wconf 93' lang='grc' dir='ltr'>ιιι</span> <span class='ocrx_word' id='word_1_133' title='bbox 402 1457 490 1518; x_wconf 91' lang='lat' dir='ltr'>melle</span> <span class='ocrx_word' id='word_1_134' title='bbox 503 1457 567 1518; x_wconf 91' lang='lat' dir='ltr'>cibi</span> <span class='ocrx_word' id='word_1_135' title='bbox 582 1460 691 1535; x_wconf 82' lang='lat' dir='ltr'>gratia,</span> <span class='ocrx_word' id='word_1_136' title='bbox 715 1476 846 1519; x_wconf 85' lang='lat' dir='ltr'>maxume</span> <span class='ocrx_word' id='word_1_137' title='bbox 865 1462 906 1520; x_wconf 91' lang='lat' dir='ltr'>uti</span> <span class='ocrx_word' id='word_1_138' title='bbox 922 1459 1085 1521; x_wconf 92' lang='lat' dir='ltr'>coctionem</span> <span class='ocrx_word' id='word_1_139' title='bbox 1104 1463 1212 1524; x_wconf 89' lang='lat' dir='ltr'>facias.</span> 
     </span>
     <span class='ocr_line' id='line_1_16' title="bbox 204 1535 1240 1621; baseline -0.002 -16"><span class='ocrx_word' id='word_1_140' title='bbox 204 1546 246 1606; x_wconf 91' lang='lat' dir='ltr'>sic</span> <span class='ocrx_word' id='word_1_141' title='bbox 265 1553 293 1604; x_wconf 91' lang='lat' dir='ltr'>et</span> <span class='ocrx_word' id='word_1_142' title='bbox 308 1544 444 1602; x_wconf 92' lang='lat' dir='ltr'>interiora</span> <span class='ocrx_word' id='word_1_143' title='bbox 461 1535 573 1621; x_wconf 83' lang='lat' dir='ltr'>purgat.</span> <span class='ocrx_word' id='word_1_144' title='bbox 607 1543 693 1601; x_wconf 90' lang='lat' dir='ltr'>rimas</span> <span class='ocrx_word' id='word_1_145' title='bbox 714 1542 819 1621; x_wconf 91' lang='lat' dir='ltr'>pedum</span> <span class='ocrx_word' id='word_1_146' title='bbox 835 1547 945 1604; x_wconf 89' lang='lat' dir='ltr'>sanat</span> <span class='ocrx_word' id='word_1_147' title='bbox 936 1563 965 1605; x_wconf 90' lang='grc' dir='ltr'>ιιι</span> <span class='ocrx_word' id='word_1_148' title='bbox 982 1544 1059 1604; x_wconf 92' lang='lat' dir='ltr'>oleo</span> <span class='ocrx_word' id='word_1_149' title='bbox 1078 1554 1165 1606; x_wconf 91' lang='lat' dir='ltr'>cocta</span> <span class='ocrx_word' id='word_1_150' title='bbox 1184 1557 1214 1607; x_wconf 90' lang='lat' dir='ltr'>et</span> <span class='ocrx_word' id='word_1_151' title='bbox 1222 1565 1240 1604; x_wconf 85' lang='grc' dir='ltr'>ιι</span> 
     </span>
    </p>

    <p class='ocr_par' dir='ltr' id='par_1_7' title="bbox 144 1625 1212 1708">
     <span class='ocr_line' id='line_1_17' title="bbox 144 1625 1212 1708; baseline 0 -19"><span class='ocrx_word' id='word_1_152' title='bbox 144 1628 147 1640; x_wconf 63' lang='lat'><strong><em>¹</em></strong></span> <span class='ocrx_word' id='word_1_153' title='bbox 203 1631 290 1689; x_wconf 85' lang='lat' dir='ltr'>mixta</span> <span class='ocrx_word' id='word_1_154' title='bbox 306 1628 432 1688; x_wconf 85' lang='lat' dir='ltr'>resinae.</span> <span class='ocrx_word' id='word_1_155' title='bbox 462 1644 561 1686; x_wconf 90' lang='lat' dir='ltr'>semen</span> <span class='ocrx_word' id='word_1_156' title='bbox 577 1627 638 1685; x_wconf 89' lang='lat' dir='ltr'>eius</span> <span class='ocrx_word' id='word_1_157' title='bbox 653 1625 814 1686; x_wconf 88' lang='lat' dir='ltr'>lumborum</span> <span class='ocrx_word' id='word_1_158' title='bbox 829 1627 925 1688; x_wconf 91' lang='lat' dir='ltr'>dolori</span> <span class='ocrx_word' id='word_1_159' title='bbox 941 1647 979 1688; x_wconf 89' lang='lat' dir='ltr'>ex</span> <span class='ocrx_word' id='word_1_160' title='bbox 992 1630 1081 1689; x_wconf 89' lang='lat' dir='ltr'>melle</span> <span class='ocrx_word' id='word_1_161' title='bbox 1096 1632 1212 1708; x_wconf 90' lang='lat' dir='ltr'>inponi-</span> 
     </span>
    </p>

    <p class='ocr_par' dir='ltr' id='par_1_8' title="bbox 152 1709 1213 1874">
     <span class='ocr_line' id='line_1_18' title="bbox 152 1709 1213 1792; baseline -0.001 -18"><span class='ocrx_word' id='word_1_162' title='bbox 152 1737 168 1784; x_wconf 58' lang='grc' dir='ltr'>η</span> <span class='ocrx_word' id='word_1_163' title='bbox 206 1723 261 1774; x_wconf 92' lang='lat' dir='ltr'>tur.</span> <span class='ocrx_word' id='word_1_164' title='bbox 290 1711 471 1789; x_wconf 71' lang='lat' dir='ltr'>Pythagoras</span> <span class='ocrx_word' id='word_1_165' title='bbox 488 1710 600 1770; x_wconf 86' lang='lat' dir='ltr'>scillam</span> <span class='ocrx_word' id='word_1_166' title='bbox 614 1712 643 1770; x_wconf 91' lang='lat' dir='ltr'>in</span> <span class='ocrx_word' id='word_1_167' title='bbox 665 1709 760 1770; x_wconf 87' lang='lat' dir='ltr'>limine</span> <span class='ocrx_word' id='word_1_168' title='bbox 777 1728 893 1792; x_wconf 90' lang='lat' dir='ltr'>quoque</span> <span class='ocrx_word' id='word_1_169' title='bbox 914 1712 1017 1772; x_wconf 90' lang='lat' dir='ltr'>ianuae</span> <span class='ocrx_word' id='word_1_170' title='bbox 1038 1731 1213 1792; x_wconf 89' lang='lat' dir='ltr'>suspensam</span> 
     </span>
     <span class='ocr_line' id='line_1_19' title="bbox 204 1795 1033 1874; baseline -0.004 -17"><span class='ocrx_word' id='word_1_171' title='bbox 204 1797 345 1871; x_wconf 82' lang='lat' dir='ltr'>malorum</span> <span class='ocrx_word' id='word_1_172' title='bbox 360 1795 631 1856; x_wconf 86' lang='lat' dir='ltr'>medicamentorum</span> <span class='ocrx_word' id='word_1_173' title='bbox 648 1795 792 1854; x_wconf 89' lang='lat' dir='ltr'>introitum</span> <span class='ocrx_word' id='word_1_174' title='bbox 803 1796 922 1874; x_wconf 88' lang='lat' dir='ltr'>peller&#39;e</span> <span class='ocrx_word' id='word_1_175' title='bbox 938 1797 1033 1856; x_wconf 87' lang='lat' dir='ltr'>tradit.</span> 
     </span>
    </p>
   </div>
   <div class='ocr_carea' id='block_1_5' title="bbox 14 1858 1212 1958">
    <p class='ocr_par' dir='ltr' id='par_1_9' title="bbox 14 1858 1212 1958">
     <span class='ocr_line' id='line_1_20' title="bbox 14 1858 1212 1958; baseline 0.002 -20"><span class='ocrx_word' id='word_1_176' title='bbox 14 1873 15 1938; x_wconf 82' lang='lat'>3</span> <span class='ocrx_word' id='word_1_177' title='bbox 64 1858 67 1864; x_wconf 31' lang='grc'><strong>“</strong></span> <span class='ocrx_word' id='word_1_178' title='bbox 163 1893 214 1946; x_wconf 79' lang='lat' dir='ltr'>loa</span> <span class='ocrx_word' id='word_1_179' title='bbox 269 1877 510 1958; x_wconf 79' lang='lat' dir='ltr'>(40.)·Geterum</span> <span class='ocrx_word' id='word_1_180' title='bbox 532 1877 612 1938; x_wconf 90' lang='lat' dir='ltr'>bulbi</span> <span class='ocrx_word' id='word_1_181' title='bbox 635 1896 672 1937; x_wconf 84' lang='lat' dir='ltr'>ox</span> <span class='ocrx_word' id='word_1_182' title='bbox 691 1887 775 1938; x_wconf 89' lang='lat' dir='ltr'>aceto</span> <span class='ocrx_word' id='word_1_183' title='bbox 798 1888 827 1939; x_wconf 89' lang='lat' dir='ltr'>et</span> <span class='ocrx_word' id='word_1_184' title='bbox 849 1880 1161 1958; x_wconf 84' lang='lat' dir='ltr'>sulpure‘uolneribns</span> <span class='ocrx_word' id='word_1_185' title='bbox 1182 1882 1212 1940; x_wconf 90' lang='lat' dir='ltr'>in</span> 
     </span>
    </p>
   </div>
   <div class='ocr_carea' id='block_1_6' title="bbox 125 1961 1242 2794">
    <p class='ocr_par' dir='ltr' id='par_1_10' title="bbox 125 1961 1242 2794">
     <span class='ocr_line' id='line_1_21' title="bbox 205 1961 1242 2040; baseline -0.005 -16"><span class='ocrx_word' id='word_1_186' title='bbox 205 1964 280 2024; x_wconf 89' lang='lat' dir='ltr'>facie</span> <span class='ocrx_word' id='word_1_187' title='bbox 301 1961 460 2021; x_wconf 92' lang='lat' dir='ltr'>medentur</span> <span class='ocrx_word' id='word_1_188' title='bbox 494 1981 548 2040; x_wconf 92' lang='lat' dir='ltr'>per</span> <span class='ocrx_word' id='word_1_189' title='bbox 570 1980 603 2022; x_wconf 88' lang='lat' dir='ltr'>se</span> <span class='ocrx_word' id='word_1_190' title='bbox 623 1980 695 2022; x_wconf 90' lang='lat' dir='ltr'>vero</span> <span class='ocrx_word' id='word_1_191' title='bbox 717 1964 775 2022; x_wconf 91' lang='lat' dir='ltr'>triti</span> <span class='ocrx_word' id='word_1_192' title='bbox 789 1981 944 2024; x_wconf 87' lang='lat' dir='ltr'>nervorum</span> <span class='ocrx_word' id='word_1_193' title='bbox 964 1965 1158 2025; x_wconf 90' lang='lat' dir='ltr'>contractioni</span> <span class='ocrx_word' id='word_1_194' title='bbox 1180 1973 1211 2024; x_wconf 90' lang='lat' dir='ltr'>et</span> <span class='ocrx_word' id='word_1_195' title='bbox 1219 1979 1242 2020; x_wconf 85' lang='grc' dir='ltr'>ιι</span> 
     </span>
     <span class='ocr_line' id='line_1_22' title="bbox 205 2045 1211 2124; baseline 0.003 -19"><span class='ocrx_word' id='word_1_196' title='bbox 205 2063 242 2105; x_wconf 84' lang='lat' dir='ltr'>ex</span> <span class='ocrx_word' id='word_1_197' title='bbox 261 2045 328 2103; x_wconf 92' lang='lat' dir='ltr'>vino</span> <span class='ocrx_word' id='word_1_198' title='bbox 348 2047 505 2124; x_wconf 82' lang='lat' dir='ltr'>porrigiui,</span> <span class='ocrx_word' id='word_1_199' title='bbox 528 2064 591 2106; x_wconf 93' lang='lat' dir='ltr'>cum</span> <span class='ocrx_word' id='word_1_200' title='bbox 615 2047 704 2107; x_wconf 89' lang='lat' dir='ltr'>melle</span> <span class='ocrx_word' id='word_1_201' title='bbox 726 2063 825 2105; x_wconf 91' lang='lat' dir='ltr'>canum</span> <span class='ocrx_word' id='word_1_202' title='bbox 847 2049 1001 2108; x_wconf 89' lang='lat' dir='ltr'>morsibus.</span> <span class='ocrx_word' id='word_1_203' title='bbox 1031 2047 1211 2117; x_wconf 83' lang='lat' dir='ltr'>Erasistrato</span> 
     </span>
     <span class='ocr_line' id='line_1_23' title="bbox 204 2129 1212 2215; baseline 0.004 -27"><span class='ocrx_word' id='word_1_204' title='bbox 204 2129 303 2208; x_wconf 89' lang='lat' dir='ltr'>placet</span> <span class='ocrx_word' id='word_1_205' title='bbox 327 2147 389 2189; x_wconf 91' lang='lat' dir='ltr'>cum</span> <span class='ocrx_word' id='word_1_206' title='bbox 414 2131 490 2208; x_wconf 87' lang='lat' dir='ltr'>pice</span> <span class='ocrx_word' id='word_1_207' title='bbox 521 2131 687 2215; x_wconf 78' lang='lat' dir='ltr'>sanguinem</span> <span class='ocrx_word' id='word_1_208' title='bbox 707 2130 783 2189; x_wconf 86' lang='lat' dir='ltr'>idam</span> <span class='ocrx_word' id='word_1_209' title='bbox 805 2131 910 2191; x_wconf 92' lang='lat' dir='ltr'>sistere</span> <span class='ocrx_word' id='word_1_210' title='bbox 934 2151 986 2193; x_wconf 88' lang='lat' dir='ltr'>eos</span> <span class='ocrx_word' id='word_1_211' title='bbox 1007 2134 1094 2193; x_wconf 90' lang='lat' dir='ltr'>tradit</span> <span class='ocrx_word' id='word_1_212' title='bbox 1110 2131 1212 2192; x_wconf 89' lang='lat' dir='ltr'>inlitos</span> 
     </span>
     <span class='ocr_line' id='line_1_24' title="bbox 207 2197 1212 2289; baseline 0.004 -17"><span class='ocrx_word' id='word_1_213' title='bbox 207 2231 269 2272; x_wconf 92' lang='lat' dir='ltr'>cum</span> <span class='ocrx_word' id='word_1_214' title='bbox 290 2213 388 2273; x_wconf 91' lang='lat' dir='ltr'>melle.</span> <span class='ocrx_word' id='word_1_215' title='bbox 421 2213 484 2289; x_wconf 88' lang='lat' dir='ltr'>alii,</span> <span class='ocrx_word' id='word_1_216' title='bbox 506 2214 530 2272; x_wconf 91' lang='lat' dir='ltr'>si</span> <span class='ocrx_word' id='word_1_217' title='bbox 551 2231 567 2272; x_wconf 89' lang='lat' dir='ltr'>e</span> <span class='ocrx_word' id='word_1_218' title='bbox 588 2197 704 2272; x_wconf 89' lang='lat' dir='ltr'>naribus</span> <span class='ocrx_word' id='word_1_219' title='bbox 725 2213 811 2288; x_wconf 87' lang='lat' dir='ltr'>duat,</span> <span class='ocrx_word' id='word_1_220' title='bbox 833 2216 1013 2276; x_wconf 89' lang='lat' dir='ltr'>coriandrum</span> <span class='ocrx_word' id='word_1_221' title='bbox 1036 2225 1066 2276; x_wconf 88' lang='lat' dir='ltr'>et</span> <span class='ocrx_word' id='word_1_222' title='bbox 1088 2216 1212 2276; x_wconf 88' lang='lat' dir='ltr'>farinam</span> 
     </span>
     <span class='ocr_line' id='line_1_25' title="bbox 162 2258 1211 2376; baseline -0.003 -15"><span class='ocrx_word' id='word_1_223' title='bbox 162 2307 214 2361; x_wconf 79' lang='grc'>103</span> <span class='ocrx_word' id='word_1_224' title='bbox 233 2297 366 2358; x_wconf 90' lang='lat' dir='ltr'>adiciunt</span> <span class='ocrx_word' id='word_1_225' title='bbox 406 2258 588 2356; x_wconf 82' lang='lat' dir='ltr'>Theddorus</span> <span class='ocrx_word' id='word_1_226' title='bbox 599 2305 629 2356; x_wconf 89' lang='lat' dir='ltr'>et</span> <span class='ocrx_word' id='word_1_227' title='bbox 658 2296 788 2356; x_wconf 89' lang='lat' dir='ltr'>lichenas</span> <span class='ocrx_word' id='word_1_228' title='bbox 812 2316 849 2357; x_wconf 86' lang='lat' dir='ltr'>ex</span> <span class='ocrx_word' id='word_1_229' title='bbox 880 2309 963 2360; x_wconf 91' lang='lat' dir='ltr'>aceto</span> <span class='ocrx_word' id='word_1_230' title='bbox 993 2299 1089 2359; x_wconf 92' lang='lat' dir='ltr'>hulhis</span> <span class='ocrx_word' id='word_1_231' title='bbox 1117 2309 1211 2376; x_wconf 89' lang='lat' dir='ltr'>curat,</span> 
     </span>
     <span class='ocr_line' id='line_1_26' title="bbox 205 2344 1241 2458; baseline -0.004 -16"><span class='ocrx_word' id='word_1_232' title='bbox 205 2379 410 2458; x_wconf 81' lang='lat' dir='ltr'>erumpentia</span> <span class='ocrx_word' id='word_1_233' title='bbox 402 2398 430 2438; x_wconf 90' lang='grc' dir='ltr'>ιιι</span> <span class='ocrx_word' id='word_1_234' title='bbox 453 2381 562 2456; x_wconf 86' lang='lat' dir='ltr'>capite,</span> <span class='ocrx_word' id='word_1_235' title='bbox 585 2397 649 2439; x_wconf 93' lang='lat' dir='ltr'>cum</span> <span class='ocrx_word' id='word_1_236' title='bbox 668 2381 734 2437; x_wconf 88' lang='lat' dir='ltr'>vino</span> <span class='ocrx_word' id='word_1_237' title='bbox 753 2390 870 2441; x_wconf 91' lang='lat' dir='ltr'>austero</span> <span class='ocrx_word' id='word_1_238' title='bbox 887 2392 935 2443; x_wconf 92' lang='lat' dir='ltr'>aut</span> <span class='ocrx_word' id='word_1_239' title='bbox 950 2400 1018 2442; x_wconf 86' lang='lat' dir='ltr'>ovo.</span> <span class='ocrx_word' id='word_1_240' title='bbox 1054 2393 1083 2443; x_wconf 94' lang='lat' dir='ltr'>et</span> <span class='ocrx_word' id='word_1_241' title='bbox 1098 2344 1211 2443; x_wconf 54' lang='lat' dir='ltr'>bulbos,</span> <span class='ocrx_word' id='word_1_242' title='bbox 1219 2399 1241 2438; x_wconf 86' lang='grc' dir='ltr'>ιι</span> 
     </span>
     <span class='ocr_line' id='line_1_27' title="bbox 206 2462 1212 2543; baseline 0.006 -22.116"><span class='ocrx_word' id='word_1_243' title='bbox 206 2463 354 2543; x_wconf 89' lang='lat' dir='ltr'>epiphoris</span> <span class='ocrx_word' id='word_1_244' title='bbox 371 2463 446 2522; x_wconf 92' lang='lat' dir='ltr'>idem</span> <span class='ocrx_word' id='word_1_245' title='bbox 461 2462 552 2521; x_wconf 93' lang='lat' dir='ltr'>inlinit</span> <span class='ocrx_word' id='word_1_246' title='bbox 567 2471 596 2522; x_wconf 92' lang='lat' dir='ltr'>et</span> <span class='ocrx_word' id='word_1_247' title='bbox 613 2463 710 2523; x_wconf 92' lang='lat' dir='ltr'>siccae</span> <span class='ocrx_word' id='word_1_248' title='bbox 724 2462 886 2543; x_wconf 92' lang='lat' dir='ltr'>lippitudini</span> <span class='ocrx_word' id='word_1_249' title='bbox 900 2466 994 2526; x_wconf 87' lang='lat' dir='ltr'>media</span> <span class='ocrx_word' id='word_1_250' title='bbox 1011 2484 1120 2528; x_wconf 89' lang='lat' dir='ltr'>eorum.</span> <span class='ocrx_word' id='word_1_251' title='bbox 1138 2469 1212 2527; x_wconf 91' lang='lat' dir='ltr'>vitia</span> 
     </span>
     <span class='ocr_line' id='line_1_28' title="bbox 125 2541 1212 2624; baseline 0.007 -21"><span class='ocrx_word' id='word_1_252' title='bbox 125 2573 126 2580; x_wconf 38' lang='grc' dir='ltr'><strong>ι</strong></span> <span class='ocrx_word' id='word_1_253' title='bbox 205 2563 279 2624; x_wconf 90' lang='lat' dir='ltr'>quae</span> <span class='ocrx_word' id='word_1_254' title='bbox 295 2547 403 2604; x_wconf 91' lang='lat' dir='ltr'>suntin</span> <span class='ocrx_word' id='word_1_255' title='bbox 418 2545 493 2604; x_wconf 81' lang='lat' dir='ltr'>facie</span> <span class='ocrx_word' id='word_1_256' title='bbox 510 2545 648 2605; x_wconf 89' lang='lat' dir='ltr'>rubentes</span> <span class='ocrx_word' id='word_1_257' title='bbox 668 2541 829 2606; x_wconf 84' lang='lat' dir='ltr'>maxume</span> <span class='ocrx_word' id='word_1_258' title='bbox 820 2567 848 2607; x_wconf 91' lang='lat' dir='ltr'>m</span> <span class='ocrx_word' id='word_1_259' title='bbox 868 2549 932 2610; x_wconf 90' lang='lat' dir='ltr'>sole</span> <span class='ocrx_word' id='word_1_260' title='bbox 953 2551 1025 2610; x_wconf 92' lang='lat' dir='ltr'>inliti</span> <span class='ocrx_word' id='word_1_261' title='bbox 1041 2551 1104 2610; x_wconf 91' lang='lat' dir='ltr'>cum</span> <span class='ocrx_word' id='word_1_262' title='bbox 1118 2551 1212 2611; x_wconf 88' lang='lat' dir='ltr'>melle</span> 
     </span>
     <span class='ocr_line' id='line_1_29' title="bbox 207 2628 1212 2706; baseline 0.007 -19"><span class='ocrx_word' id='word_1_263' title='bbox 207 2638 236 2687; x_wconf 90' lang='lat' dir='ltr'>et</span> <span class='ocrx_word' id='word_1_264' title='bbox 247 2630 322 2688; x_wconf 89' lang='lat' dir='ltr'>nitro</span> <span class='ocrx_word' id='word_1_265' title='bbox 334 2628 485 2688; x_wconf 87' lang='lat' dir='ltr'>emendant</span> <span class='ocrx_word' id='word_1_266' title='bbox 487 2629 677 2706; x_wconf 80' lang='lat' dir='ltr'>‚lentiginem</span> <span class='ocrx_word' id='word_1_267' title='bbox 690 2649 753 2691; x_wconf 92' lang='lat' dir='ltr'>cum</span> <span class='ocrx_word' id='word_1_268' title='bbox 763 2633 830 2691; x_wconf 92' lang='lat' dir='ltr'>vino</span> <span class='ocrx_word' id='word_1_269' title='bbox 843 2641 891 2692; x_wconf 93' lang='lat' dir='ltr'>aut</span> <span class='ocrx_word' id='word_1_270' title='bbox 904 2651 967 2692; x_wconf 90' lang='lat' dir='ltr'>cum</span> <span class='ocrx_word' id='word_1_271' title='bbox 980 2637 1094 2694; x_wconf 92' lang='lat' dir='ltr'>cumino</span> <span class='ocrx_word' id='word_1_272' title='bbox 1111 2645 1212 2696; x_wconf 88' lang='lat' dir='ltr'>coct0.</span> 
     </span>
     <span class='ocr_line' id='line_1_30' title="bbox 204 2711 1213 2794; baseline 0.008 -24"><span class='ocrx_word' id='word_1_273' title='bbox 204 2711 372 2772; x_wconf 87' lang='lat' dir='ltr'>volneribus</span> <span class='ocrx_word' id='word_1_274' title='bbox 390 2729 505 2791; x_wconf 89' lang='lat' dir='ltr'>qnoque</span> <span class='ocrx_word' id='word_1_275' title='bbox 522 2715 594 2773; x_wconf 88' lang='lat' dir='ltr'>mire</span> <span class='ocrx_word' id='word_1_276' title='bbox 612 2725 733 2791; x_wconf 89' lang='lat' dir='ltr'>prosunt</span> <span class='ocrx_word' id='word_1_277' title='bbox 747 2733 801 2794; x_wconf 89' lang='lat' dir='ltr'>per</span> <span class='ocrx_word' id='word_1_278' title='bbox 823 2734 856 2776; x_wconf 84' lang='lat' dir='ltr'>se</span> <span class='ocrx_word' id='word_1_279' title='bbox 880 2724 943 2792; x_wconf 85' lang='lat' dir='ltr'>aut,</span> <span class='ocrx_word' id='word_1_280' title='bbox 965 2718 1148 2793; x_wconf 86' lang='lat' dir='ltr'>ut-Damion‚</span> <span class='ocrx_word' id='word_1_281' title='bbox 1173 2738 1213 2778; x_wconf 88' lang='lat' dir='ltr'>err</span> 
     </span>
    </p>
   </div>
   <div class='ocr_carea' id='block_1_7' title="bbox 57 2796 1243 2876">
    <p class='ocr_par' dir='ltr' id='par_1_11' title="bbox 57 2796 1243 2876">
     <span class='ocr_line' id='line_1_31' title="bbox 57 2796 1243 2876; baseline 0.001 -15"><span class='ocrx_word' id='word_1_282' title='bbox 57 2836 62 2844; x_wconf 81' lang='lat'><em>-</em></span> <span class='ocrx_word' id='word_1_283' title='bbox 104 2815 108 2821; x_wconf 81' lang='grc'><strong>’</strong></span> <span class='ocrx_word' id='word_1_284' title='bbox 163 2805 216 2861; x_wconf 81' lang='lat' dir='ltr'>lot</span> <span class='ocrx_word' id='word_1_285' title='bbox 226 2796 332 2873; x_wconf 83' lang='lat' dir='ltr'>mulso,</span> <span class='ocrx_word' id='word_1_286' title='bbox 357 2799 382 2856; x_wconf 92' lang='lat' dir='ltr'>si</span> <span class='ocrx_word' id='word_1_287' title='bbox 401 2799 498 2876; x_wconf 91' lang='lat' dir='ltr'>quinto</span> <span class='ocrx_word' id='word_1_288' title='bbox 514 2797 559 2858; x_wconf 89' lang='lat' dir='ltr'>dia</span> <span class='ocrx_word' id='word_1_289' title='bbox 577 2797 734 2858; x_wconf 90' lang='lat' dir='ltr'>solvantur.</span> <span class='ocrx_word' id='word_1_290' title='bbox 767 2800 868 2859; x_wconf 89' lang='lat' dir='ltr'>iisdem</span> <span class='ocrx_word' id='word_1_291' title='bbox 889 2809 919 2859; x_wconf 89' lang='lat' dir='ltr'>et</span> <span class='ocrx_word' id='word_1_292' title='bbox 934 2802 1076 2862; x_wconf 91' lang='lat' dir='ltr'>auriculas</span> <span class='ocrx_word' id='word_1_293' title='bbox 1097 2802 1212 2862; x_wconf 87' lang='lat' dir='ltr'>fractas</span> <span class='ocrx_word' id='word_1_294' title='bbox 1221 2809 1243 2851; x_wconf 82' lang='lat'>³⁰</span> 
     </span>
    </p>
   </div>
   <div class='ocr_carea' id='block_1_8' title="bbox 162 2882 1244 3550">
    <p class='ocr_par' dir='ltr' id='par_1_12' title="bbox 162 2882 1244 3550">
     <span class='ocr_line' id='line_1_32' title="bbox 204 2882 1213 2960; baseline 0.006 -19"><span class='ocrx_word' id='word_1_295' title='bbox 204 2889 284 2942; x_wconf 88' lang='lat' dir='ltr'>curat</span> <span class='ocrx_word' id='word_1_296' title='bbox 307 2889 336 2940; x_wconf 90' lang='lat' dir='ltr'>et</span> <span class='ocrx_word' id='word_1_297' title='bbox 355 2884 474 2941; x_wconf 89' lang='lat' dir='ltr'>testium</span> <span class='ocrx_word' id='word_1_298' title='bbox 494 2882 620 2960; x_wconf 89' lang='lat' dir='ltr'>pituitas.</span> <span class='ocrx_word' id='word_1_299' title='bbox 657 2883 685 2940; x_wconf 91' lang='lat' dir='ltr'>iu</span> <span class='ocrx_word' id='word_1_300' title='bbox 708 2882 891 2942; x_wconf 89' lang='lat' dir='ltr'>articulorum</span> <span class='ocrx_word' id='word_1_301' title='bbox 912 2883 1062 2945; x_wconf 90' lang='lat' dir='ltr'>doloribus</span> <span class='ocrx_word' id='word_1_302' title='bbox 1082 2887 1213 2947; x_wconf 90' lang='lat' dir='ltr'>miscent</span> 
     </span>
     <span class='ocr_line' id='line_1_33' title="bbox 203 2964 1218 3052; baseline 0.003 -27"><span class='ocrx_word' id='word_1_303' title='bbox 203 2965 332 3026; x_wconf 88' lang='lat' dir='ltr'>farinam.</span> <span class='ocrx_word' id='word_1_304' title='bbox 362 2965 391 3024; x_wconf 95' lang='lat' dir='ltr'>in</span> <span class='ocrx_word' id='word_1_305' title='bbox 412 2965 479 3023; x_wconf 86' lang='lat' dir='ltr'>vino</span> <span class='ocrx_word' id='word_1_306' title='bbox 505 2965 580 3024; x_wconf 92' lang='lat' dir='ltr'>cocti</span> <span class='ocrx_word' id='word_1_307' title='bbox 596 2964 666 3024; x_wconf 90' lang='lat' dir='ltr'>inliti</span> <span class='ocrx_word' id='word_1_308' title='bbox 689 2967 797 3040; x_wconf 85' lang='lat' dir='ltr'>ventri,</span> <span class='ocrx_word' id='word_1_309' title='bbox 818 2965 948 3027; x_wconf 90' lang='lat' dir='ltr'>duritiam</span> <span class='ocrx_word' id='word_1_310' title='bbox 968 2969 1218 3052; x_wconf 86' lang='lat' dir='ltr'>praecordiorum</span> 
     </span>
     <span class='ocr_line' id='line_1_34' title="bbox 205 3047 1211 3152; baseline 0.003 -42"><span class='ocrx_word' id='word_1_311' title='bbox 205 3050 362 3110; x_wconf 91' lang='lat' dir='ltr'>emolliunt.</span> <span class='ocrx_word' id='word_1_312' title='bbox 393 3047 609 3122; x_wconf 79' lang='lat' dir='ltr'>dysintericis</span> <span class='ocrx_word' id='word_1_313' title='bbox 600 3063 629 3106; x_wconf 93' lang='lat' dir='ltr'>m</span> <span class='ocrx_word' id='word_1_314' title='bbox 654 3049 720 3107; x_wconf 85' lang='lat' dir='ltr'>vinc</span> <span class='ocrx_word' id='word_1_315' title='bbox 745 3065 782 3106; x_wconf 86' lang='lat' dir='ltr'>ex</span> <span class='ocrx_word' id='word_1_316' title='bbox 806 3065 879 3126; x_wconf 91' lang='lat' dir='ltr'>aqua</span> <span class='ocrx_word' id='word_1_317' title='bbox 901 3051 1022 3111; x_wconf 91' lang='lat' dir='ltr'>caelesti</span> <span class='ocrx_word' id='word_1_318' title='bbox 1043 3061 1211 3152; x_wconf 70' lang='lat' dir='ltr'>temperato</span> 
     </span>
     <span class='ocr_line' id='line_1_35' title="bbox 205 3107 1211 3213; baseline 0.003 -19"><span class='ocrx_word' id='word_1_319' title='bbox 205 3134 321 3208; x_wconf 85' lang='lat' dir='ltr'>dantur,</span> <span class='ocrx_word' id='word_1_320' title='bbox 341 3133 376 3193; x_wconf 92' lang='lat' dir='ltr'>ad</span> <span class='ocrx_word' id='word_1_321' title='bbox 395 3131 536 3192; x_wconf 88' lang='lat' dir='ltr'>convolsa</span> <span class='ocrx_word' id='word_1_322' title='bbox 557 3107 632 3191; x_wconf 89' lang='lat' dir='ltr'>intus</span> <span class='ocrx_word' id='word_1_323' title='bbox 655 3149 722 3194; x_wconf 92' lang='lat' dir='ltr'>cum</span> <span class='ocrx_word' id='word_1_324' title='bbox 742 3131 848 3210; x_wconf 86' lang='lat' dir='ltr'>silphio</span> <span class='ocrx_word' id='word_1_325' title='bbox 870 3131 966 3211; x_wconf 91' lang='lat' dir='ltr'>pilulis</span> <span class='ocrx_word' id='word_1_326' title='bbox 990 3136 1075 3196; x_wconf 88' lang='lat' dir='ltr'>iahae</span> <span class='ocrx_word' id='word_1_327' title='bbox 1098 3139 1211 3213; x_wconf 81' lang='lat' dir='ltr'>magai-</span> 
     </span>
     <span class='ocr_line' id='line_1_36' title="bbox 203 3215 1244 3296; baseline 0.006 -20"><span class='ocrx_word' id='word_1_328' title='bbox 203 3218 310 3276; x_wconf 91' lang='lat' dir='ltr'>tudine.</span> <span class='ocrx_word' id='word_1_329' title='bbox 343 3216 378 3276; x_wconf 93' lang='lat' dir='ltr'>ad</span> <span class='ocrx_word' id='word_1_330' title='bbox 403 3216 537 3276; x_wconf 89' lang='lat' dir='ltr'>sudorem</span> <span class='ocrx_word' id='word_1_331' title='bbox 561 3215 636 3274; x_wconf 88' lang='lat' dir='ltr'>tunsi</span> <span class='ocrx_word' id='word_1_332' title='bbox 661 3215 822 3275; x_wconf 89' lang='lat' dir='ltr'>inlinuntur.</span> <span class='ocrx_word' id='word_1_333' title='bbox 851 3218 947 3277; x_wconf 89' lang='lat' dir='ltr'>nervis</span> <span class='ocrx_word' id='word_1_334' title='bbox 963 3218 1067 3296; x_wconf 88' lang='lat' dir='ltr'>utiles,</span> <span class='ocrx_word' id='word_1_335' title='bbox 1087 3219 1156 3279; x_wconf 91' lang='lat' dir='ltr'>ideo</span> <span class='ocrx_word' id='word_1_336' title='bbox 1181 3230 1244 3282; x_wconf 75' lang='lat' dir='ltr'>etat</span> 
     </span>
     <span class='ocr_line' id='line_1_37' title="bbox 162 3298 1212 3388; baseline 0.006 -30"><span class='ocrx_word' id='word_1_337' title='bbox 162 3311 213 3364; x_wconf 82' lang='lat'>105</span> <span class='ocrx_word' id='word_1_338' title='bbox 225 3299 391 3377; x_wconf 80' lang='lat' dir='ltr'>paralyticis</span> <span class='ocrx_word' id='word_1_339' title='bbox 405 3300 514 3360; x_wconf 90' lang='lat' dir='ltr'>dautur</span> <span class='ocrx_word' id='word_1_340' title='bbox 539 3298 661 3359; x_wconf 84' lang='lat' dir='ltr'>luxata</span> <span class='ocrx_word' id='word_1_341' title='bbox 652 3317 681 3358; x_wconf 90' lang='grc' dir='ltr'>ιιι</span> <span class='ocrx_word' id='word_1_342' title='bbox 681 3298 821 3388; x_wconf 91' lang='lat' dir='ltr'>pedihus</span> <span class='ocrx_word' id='word_1_343' title='bbox 838 3301 964 3377; x_wconf 92' lang='lat' dir='ltr'>quisunt</span> <span class='ocrx_word' id='word_1_344' title='bbox 980 3304 1034 3363; x_wconf 91' lang='lat' dir='ltr'>ruli</span> <span class='ocrx_word' id='word_1_345' title='bbox 1052 3322 1089 3363; x_wconf 83' lang='lat' dir='ltr'>ex</span> <span class='ocrx_word' id='word_1_346' title='bbox 1103 3303 1148 3362; x_wconf 93' lang='lat' dir='ltr'>his</span> <span class='ocrx_word' id='word_1_347' title='bbox 1168 3307 1212 3366; x_wconf 91' lang='lat' dir='ltr'>ci·</span> 
     </span>
     <span class='ocr_line' id='line_1_38' title="bbox 205 3372 1214 3464; baseline 0.009 -23"><span class='ocrx_word' id='word_1_348' title='bbox 205 3385 313 3442; x_wconf 90' lang='lat' dir='ltr'>tissime</span> <span class='ocrx_word' id='word_1_349' title='bbox 331 3393 431 3444; x_wconf 89' lang='lat' dir='ltr'>sanant</span> <span class='ocrx_word' id='word_1_350' title='bbox 446 3400 508 3443; x_wconf 91' lang='lat' dir='ltr'>cum</span> <span class='ocrx_word' id='word_1_351' title='bbox 523 3383 611 3443; x_wconf 85' lang='lat' dir='ltr'>mella</span> <span class='ocrx_word' id='word_1_352' title='bbox 626 3391 655 3442; x_wconf 87' lang='lat' dir='ltr'>et</span> <span class='ocrx_word' id='word_1_353' title='bbox 667 3372 738 3442; x_wconf 90' lang='lat' dir='ltr'>sale.</span> <span class='ocrx_word' id='word_1_354' title='bbox 769 3401 907 3443; x_wconf 87' lang='lat' dir='ltr'>uenerem</span> <span class='ocrx_word' id='word_1_355' title='bbox 919 3402 1050 3448; x_wconf 85' lang='lat' dir='ltr'>maxume</span> <span class='ocrx_word' id='word_1_356' title='bbox 1064 3386 1214 3464; x_wconf 78' lang='lat' dir='ltr'>Megarici</span> 
     </span>
     <span class='ocr_line' id='line_1_39' title="bbox 166 3466 1213 3550; baseline 0.008 -25.322"><span class='ocrx_word' id='word_1_357' title='bbox 166 3466 359 3543; x_wconf 83' lang='lat' dir='ltr'>stimulant,</span> <span class='ocrx_word' id='word_1_358' title='bbox 376 3467 516 3528; x_wconf 86' lang='lat' dir='ltr'>hortensii</span> <span class='ocrx_word' id='word_1_359' title='bbox 531 3477 643 3547; x_wconf 89' lang='lat' dir='ltr'>partam</span> <span class='ocrx_word' id='word_1_360' title='bbox 659 3484 723 3526; x_wconf 88' lang='lat' dir='ltr'>curu</span> <span class='ocrx_word' id='word_1_361' title='bbox 743 3485 814 3548; x_wconf 90' lang='lat' dir='ltr'>sapa</span> <span class='ocrx_word' id='word_1_362' title='bbox 833 3478 879 3532; x_wconf 84' lang='lat' dir='ltr'>aut</span> <span class='ocrx_word' id='word_1_363' title='bbox 901 3487 989 3548; x_wconf 87' lang='lat' dir='ltr'>passo</span> <span class='ocrx_word' id='word_1_364' title='bbox 1012 3472 1132 3550; x_wconf 86' lang='lat' dir='ltr'>sumpti,</span> <span class='ocrx_word' id='word_1_365' title='bbox 1156 3473 1213 3534; x_wconf 86' lang='lat' dir='ltr'>sil·</span> 
     </span>
    </p>
   </div>
   <div class='ocr_carea' id='block_1_9' title="bbox 0 0 1280 3861">
    <p class='ocr_par' dir='ltr' id='par_1_13' title="bbox 0 0 1280 3861">
     <span class='ocr_line' id='line_1_40' title="bbox 0 0 1280 3861; baseline 0 0"><span class='ocrx_word' id='word_1_366' title='bbox 0 0 1280 3861; x_wconf 95' lang='lat' dir='ltr'> </span> 
     </span>
    </p>
   </div>
  </div>
 </body>
</html>
