<?xml version="1.0" encoding="UTF-8"?>
<!DOCTYPE html PUBLIC "-//W3C//DTD XHTML 1.0 Transitional//EN"
    "http://www.w3.org/TR/xhtml1/DTD/xhtml1-transitional.dtd">
<html xmlns="http://www.w3.org/1999/xhtml" xml:lang="en" lang="en">
 <head>
  <title>
</title>
<meta http-equiv="Content-Type" content="text/html;charset=utf-8" />
  <meta name='ocr-system' content='tesseract 3.04.00' />
  <meta name='ocr-capabilities' content='ocr_page ocr_carea ocr_par ocr_line ocrx_word'/>
</head>
<body>
  <div class='ocr_page' id='page_1' title='image "./cplinisecundina23plingoog_0099.png"; bbox 0 0 2534 3866; ppageno 0'>
   <div class='ocr_carea' id='block_1_1' title="bbox 187 205 829 294">
    <p class='ocr_par' dir='ltr' id='par_1_1' title="bbox 187 205 829 294">
     <span class='ocr_line' id='line_1_1' title="bbox 187 205 829 294; baseline 0.002 -27"><span class='ocrx_word' id='word_1_1' title='bbox 187 205 227 267; x_wconf 79' lang='grc'>42</span> <span class='ocrx_word' id='word_1_2' title='bbox 522 217 829 294; x_wconf 68' lang='lat' dir='ltr'>ermemirum</span> 
     </span>
    </p>
   </div>
   <div class='ocr_carea' id='block_1_2' title="bbox 118 371 1203 1368">
    <p class='ocr_par' dir='ltr' id='par_1_2' title="bbox 118 371 1203 1368">
     <span class='ocr_line' id='line_1_2' title="bbox 188 371 1168 452; baseline 0.001 -19"><span class='ocrx_word' id='word_1_3' title='bbox 188 371 257 433; x_wconf 86' lang='lat' dir='ltr'>otile</span> <span class='ocrx_word' id='word_1_4' title='bbox 282 373 356 433; x_wconf 85' lang='lat' dir='ltr'>sicut</span> <span class='ocrx_word' id='word_1_5' title='bbox 380 373 479 434; x_wconf 84' lang='lat' dir='ltr'>citrum</span> <span class='ocrx_word' id='word_1_6' title='bbox 504 385 641 452; x_wconf 85' lang='lat' dir='ltr'>acerque.</span> <span class='ocrx_word' id='word_1_7' title='bbox 674 389 730 434; x_wconf 90' lang='lat' dir='ltr'>nec</span> <span class='ocrx_word' id='word_1_8' title='bbox 752 374 870 435; x_wconf 86' lang='lat' dir='ltr'>aliarum</span> <span class='ocrx_word' id='word_1_9' title='bbox 895 371 997 434; x_wconf 86' lang='lat' dir='ltr'>tubera</span> <span class='ocrx_word' id='word_1_10' title='bbox 1016 374 1045 433; x_wconf 91' lang='lat' dir='ltr'>in</span> <span class='ocrx_word' id='word_1_11' title='bbox 1064 373 1168 452; x_wconf 85' lang='lat' dir='ltr'>pretio.</span> 
     </span>
     <span class='ocr_line' id='line_1_3' title="bbox 187 455 1168 536; baseline 0 -20"><span class='ocrx_word' id='word_1_12' title='bbox 187 455 281 516; x_wconf 89' lang='lat' dir='ltr'>lledia</span> <span class='ocrx_word' id='word_1_13' title='bbox 298 474 366 535; x_wconf 91' lang='lat' dir='ltr'>pars</span> <span class='ocrx_word' id='word_1_14' title='bbox 381 456 514 517; x_wconf 89' lang='lat' dir='ltr'>arborum</span> <span class='ocrx_word' id='word_1_15' title='bbox 531 459 669 536; x_wconf 76' lang='lat' dir='ltr'>crispior,</span> <span class='ocrx_word' id='word_1_16' title='bbox 691 467 719 517; x_wconf 85' lang='lat' dir='ltr'>et</span> <span class='ocrx_word' id='word_1_17' title='bbox 735 473 792 536; x_wconf 87' lang='lat' dir='ltr'>quo</span> <span class='ocrx_word' id='word_1_18' title='bbox 808 458 927 536; x_wconf 82' lang='lat' dir='ltr'>propior</span> <span class='ocrx_word' id='word_1_19' title='bbox 947 456 1037 518; x_wconf 87' lang='lat' dir='ltr'>radici</span> <span class='ocrx_word' id='word_1_20' title='bbox 1055 457 1168 516; x_wconf 92' lang='lat' dir='ltr'>minori-</span> 
     </span>
     <span class='ocr_line' id='line_1_4' title="bbox 146 539 1169 620; baseline -0.002 -17"><span class='ocrx_word' id='word_1_21' title='bbox 146 539 258 603; x_wconf 71' lang='lat' dir='ltr'>udtbus</span> <span class='ocrx_word' id='word_1_22' title='bbox 274 541 421 619; x_wconf 79' lang='lat' dir='ltr'>magisque</span> <span class='ocrx_word' id='word_1_23' title='bbox 437 540 579 601; x_wconf 79' lang='lat' dir='ltr'>flexilibus</span> <span class='ocrx_word' id='word_1_24' title='bbox 594 540 722 600; x_wconf 87' lang='lat' dir='ltr'>maculis.</span> <span class='ocrx_word' id='word_1_25' title='bbox 748 539 829 600; x_wconf 88' lang='lat' dir='ltr'>llaec</span> <span class='ocrx_word' id='word_1_26' title='bbox 841 543 931 620; x_wconf 86' lang='lat' dir='ltr'>prima</span> <span class='ocrx_word' id='word_1_27' title='bbox 946 542 1027 619; x_wconf 78' lang='lat' dir='ltr'>origo</span> <span class='ocrx_word' id='word_1_28' title='bbox 1039 539 1169 601; x_wconf 76' lang='lat' dir='ltr'><strong>luxuriae</strong></span> 
     </span>
     <span class='ocr_line' id='line_1_5' title="bbox 189 623 1167 702; baseline -0.002 -18"><span class='ocrx_word' id='word_1_29' title='bbox 189 623 331 700; x_wconf 83' lang='lat' dir='ltr'>arborum,</span> <span class='ocrx_word' id='word_1_30' title='bbox 348 625 403 684; x_wconf 92' lang='lat' dir='ltr'>alia</span> <span class='ocrx_word' id='word_1_31' title='bbox 415 625 502 701; x_wconf 78' lang='lat' dir='ltr'>integi</span> <span class='ocrx_word' id='word_1_32' title='bbox 514 632 543 682; x_wconf 90' lang='lat' dir='ltr'>et</span> <span class='ocrx_word' id='word_1_33' title='bbox 556 623 674 683; x_wconf 85' lang='lat' dir='ltr'>viliores</span> <span class='ocrx_word' id='word_1_34' title='bbox 689 624 759 700; x_wconf 84' lang='lat' dir='ltr'>ligni</span> <span class='ocrx_word' id='word_1_35' title='bbox 773 625 961 702; x_wconf 83' lang='lat' dir='ltr'><strong>pretiosiores</strong></span> <span class='ocrx_word' id='word_1_36' title='bbox 978 625 1086 686; x_wconf 90' lang='lat' dir='ltr'>cortice</span> <span class='ocrx_word' id='word_1_37' title='bbox 1096 623 1167 683; x_wconf 85' lang='lat' dir='ltr'>lieri.</span> 
     </span>
     <span class='ocr_line' id='line_1_6' title="bbox 187 706 1193 786; baseline -0.004 -20"><span class='ocrx_word' id='word_1_38' title='bbox 187 716 217 782; x_wconf 81' lang='lat' dir='ltr'>ut</span> <span class='ocrx_word' id='word_1_39' title='bbox 232 725 286 767; x_wconf 90' lang='lat' dir='ltr'>una</span> <span class='ocrx_word' id='word_1_40' title='bbox 302 708 389 768; x_wconf 92' lang='lat' dir='ltr'>arbor</span> <span class='ocrx_word' id='word_1_41' title='bbox 405 707 524 786; x_wconf 86' lang='lat' dir='ltr'>saepius</span> <span class='ocrx_word' id='word_1_42' title='bbox 532 706 658 782; x_wconf 79' lang='lat' dir='ltr'>veniret,</span> <span class='ocrx_word' id='word_1_43' title='bbox 680 708 862 784; x_wconf 82' lang='lat' dir='ltr'>excogitatae</span> <span class='ocrx_word' id='word_1_44' title='bbox 877 717 940 767; x_wconf 89' lang='lat' dir='ltr'>sunt</span> <span class='ocrx_word' id='word_1_45' title='bbox 962 715 991 768; x_wconf 88' lang='lat' dir='ltr'>et</span> <span class='ocrx_word' id='word_1_46' title='bbox 1006 707 1076 784; x_wconf 77' lang='lat' dir='ltr'>ligni</span> <span class='ocrx_word' id='word_1_47' title='bbox 1092 707 1193 767; x_wconf 84' lang='lat' dir='ltr'>brat-s</span> 
     </span>
     <span class='ocr_line' id='line_1_7' title="bbox 118 790 1169 868; baseline -0.002 -16"><span class='ocrx_word' id='word_1_48' title='bbox 118 837 122 852; x_wconf 48' lang='lat' dir='ltr'>r</span> <span class='ocrx_word' id='word_1_49' title='bbox 187 800 263 852; x_wconf 87' lang='lat' dir='ltr'>teae.</span> <span class='ocrx_word' id='word_1_50' title='bbox 295 808 351 850; x_wconf 87' lang='lat' dir='ltr'>nec</span> <span class='ocrx_word' id='word_1_51' title='bbox 371 793 450 852; x_wconf 88' lang='lat' dir='ltr'>satis.</span> <span class='ocrx_word' id='word_1_52' title='bbox 483 806 609 868; x_wconf 88' lang='lat' dir='ltr'>coepere</span> <span class='ocrx_word' id='word_1_53' title='bbox 630 791 719 867; x_wconf 84' lang='lat' dir='ltr'>tingui</span> <span class='ocrx_word' id='word_1_54' title='bbox 738 791 896 851; x_wconf 91' lang='lat' dir='ltr'>animalium</span> <span class='ocrx_word' id='word_1_55' title='bbox 921 807 1043 868; x_wconf 82' lang='lat' dir='ltr'>cornua,</span> <span class='ocrx_word' id='word_1_56' title='bbox 1067 790 1169 851; x_wconf 87' lang='lat' dir='ltr'>dentes</span> 
     </span>
     <span class='ocr_line' id='line_1_8' title="bbox 145 873 1170 953; baseline -0.001 -18"><span class='ocrx_word' id='word_1_57' title='bbox 145 876 299 941; x_wconf 75' lang='lat' dir='ltr'>233secari</span> <span class='ocrx_word' id='word_1_58' title='bbox 310 874 474 952; x_wconf 81' lang='lat' dir='ltr'>lignumque</span> <span class='ocrx_word' id='word_1_59' title='bbox 481 873 721 950; x_wconf 78' lang='lat' dir='ltr'>ehoredtstmgni,</span> <span class='ocrx_word' id='word_1_60' title='bbox 728 890 795 933; x_wconf 83' lang='lat' dir='ltr'>mox</span> <span class='ocrx_word' id='word_1_61' title='bbox 807 874 924 952; x_wconf 87' lang='lat' dir='ltr'>operiri.</span> <span class='ocrx_word' id='word_1_62' title='bbox 946 874 1054 953; x_wconf 76' lang='lat' dir='ltr'>placuit</span> <span class='ocrx_word' id='word_1_63' title='bbox 1065 874 1170 934; x_wconf 90' lang='lat' dir='ltr'>deinde</span> 
     </span>
     <span class='ocr_line' id='line_1_9' title="bbox 187 956 1169 1036; baseline 0.001 -19"><span class='ocrx_word' id='word_1_64' title='bbox 187 959 333 1019; x_wconf 78' lang='lat' dir='ltr'>materiem</span> <span class='ocrx_word' id='word_1_65' title='bbox 350 966 379 1018; x_wconf 89' lang='lat' dir='ltr'>et</span> <span class='ocrx_word' id='word_1_66' title='bbox 394 958 421 1015; x_wconf 92' lang='lat' dir='ltr'>in</span> <span class='ocrx_word' id='word_1_67' title='bbox 436 959 506 1016; x_wconf 89' lang='lat' dir='ltr'>mari</span> <span class='ocrx_word' id='word_1_68' title='bbox 521 956 630 1036; x_wconf 84' lang='lat' dir='ltr'>quaeri.</span> <span class='ocrx_word' id='word_1_69' title='bbox 661 956 775 1017; x_wconf 91' lang='lat' dir='ltr'>testudo</span> <span class='ocrx_word' id='word_1_70' title='bbox 790 957 818 1017; x_wconf 90' lang='lat' dir='ltr'>in</span> <span class='ocrx_word' id='word_1_71' title='bbox 834 956 891 1017; x_wconf 90' lang='lat' dir='ltr'>hoo</span> <span class='ocrx_word' id='word_1_72' title='bbox 908 967 998 1022; x_wconf 87' lang='lat' dir='ltr'>secta.</span> <span class='ocrx_word' id='word_1_73' title='bbox 1019 973 1169 1036; x_wconf 83' lang='lat' dir='ltr'>nuperque</span> 
     </span>
     <span class='ocr_line' id='line_1_10' title="bbox 187 1039 1169 1121; baseline -0.001 -19"><span class='ocrx_word' id='word_1_74' title='bbox 187 1041 363 1121; x_wconf 72' lang='lat' dir='ltr'>portentosis</span> <span class='ocrx_word' id='word_1_75' title='bbox 377 1039 500 1116; x_wconf 78' lang='lat' dir='ltr'>ingeniis</span> <span class='ocrx_word' id='word_1_76' title='bbox 510 1041 671 1119; x_wconf 85' lang='lat' dir='ltr'>principatu</span> <span class='ocrx_word' id='word_1_77' title='bbox 683 1039 806 1113; x_wconf 82' lang='lat' dir='ltr'>Neronis</span> <span class='ocrx_word' id='word_1_78' title='bbox 818 1041 961 1102; x_wconf 87' lang='lat' dir='ltr'>inventum</span> <span class='ocrx_word' id='word_1_79' title='bbox 975 1049 1005 1100; x_wconf 89' lang='lat' dir='ltr'>ut</span> <span class='ocrx_word' id='word_1_80' title='bbox 1016 1042 1169 1120; x_wconf 81' lang='lat' dir='ltr'>pigmentis</span> 
     </span>
     <span class='ocr_line' id='line_1_11' title="bbox 187 1123 1203 1204; baseline -0.001 -20"><span class='ocrx_word' id='word_1_81' title='bbox 187 1126 324 1204; x_wconf 80' lang='lat' dir='ltr'>perderet</span> <span class='ocrx_word' id='word_1_82' title='bbox 340 1141 372 1182; x_wconf 89' lang='lat' dir='ltr'>se</span> <span class='ocrx_word' id='word_1_83' title='bbox 390 1123 538 1202; x_wconf 80' lang='lat' dir='ltr'>plurisque</span> <span class='ocrx_word' id='word_1_84' title='bbox 553 1124 665 1184; x_wconf 86' lang='lat' dir='ltr'>veniret</span> <span class='ocrx_word' id='word_1_85' title='bbox 680 1125 918 1202; x_wconf 61' lang='lat' dir='ltr'>imitata‘lignanu.</span> <span class='ocrx_word' id='word_1_86' title='bbox 943 1125 985 1185; x_wconf 90' lang='lat' dir='ltr'>sic</span> <span class='ocrx_word' id='word_1_87' title='bbox 1002 1123 1203 1203; x_wconf 87' lang='lat' dir='ltr'>lectispre·1o</span> 
     </span>
     <span class='ocr_line' id='line_1_12' title="bbox 186 1206 1169 1287; baseline 0.001 -20"><span class='ocrx_word' id='word_1_88' title='bbox 186 1210 224 1268; x_wconf 88' lang='lat' dir='ltr'>tia</span> <span class='ocrx_word' id='word_1_89' title='bbox 240 1215 427 1284; x_wconf 85' lang='lat' dir='ltr'>quaeruntur,</span> <span class='ocrx_word' id='word_1_90' title='bbox 445 1206 488 1266; x_wconf 89' lang='lat' dir='ltr'>sic</span> <span class='ocrx_word' id='word_1_91' title='bbox 504 1206 693 1267; x_wconf 85' lang='lat' dir='ltr'>terebinthum</span> <span class='ocrx_word' id='word_1_92' title='bbox 707 1209 782 1268; x_wconf 84' lang='lat' dir='ltr'>vinci</span> <span class='ocrx_word' id='word_1_93' title='bbox 797 1209 912 1284; x_wconf 87' lang='lat' dir='ltr'>iubent,</span> <span class='ocrx_word' id='word_1_94' title='bbox 928 1209 970 1268; x_wconf 91' lang='lat' dir='ltr'>sio</span> <span class='ocrx_word' id='word_1_95' title='bbox 987 1208 1086 1268; x_wconf 86' lang='lat' dir='ltr'>citrum</span> <span class='ocrx_word' id='word_1_96' title='bbox 1102 1226 1169 1287; x_wconf 89' lang='lat' dir='ltr'>pre·</span> 
     </span>
     <span class='ocr_line' id='line_1_13' title="bbox 186 1290 1171 1368; baseline 0.003 -19"><span class='ocrx_word' id='word_1_97' title='bbox 186 1291 287 1349; x_wconf 85' lang='lat' dir='ltr'>tiosins</span> <span class='ocrx_word' id='word_1_98' title='bbox 299 1290 371 1364; x_wconf 83' lang='lat' dir='ltr'>lieri,</span> <span class='ocrx_word' id='word_1_99' title='bbox 385 1291 428 1349; x_wconf 86' lang='lat' dir='ltr'>sie</span> <span class='ocrx_word' id='word_1_100' title='bbox 439 1307 508 1350; x_wconf 88' lang='lat' dir='ltr'>aoer</span> <span class='ocrx_word' id='word_1_101' title='bbox 520 1290 624 1368; x_wconf 85' lang='lat' dir='ltr'>decipi.</span> <span class='ocrx_word' id='word_1_102' title='bbox 644 1291 730 1351; x_wconf 90' lang='lat' dir='ltr'>modo</span> <span class='ocrx_word' id='word_1_103' title='bbox 742 1291 851 1352; x_wconf 87' lang='lat' dir='ltr'>luxuria</span> <span class='ocrx_word' id='word_1_104' title='bbox 863 1309 918 1351; x_wconf 94' lang='lat' dir='ltr'>non</span> <span class='ocrx_word' id='word_1_105' title='bbox 928 1291 1023 1354; x_wconf 87' lang='lat' dir='ltr'>luerat</span> <span class='ocrx_word' id='word_1_106' title='bbox 1035 1301 1171 1354; x_wconf 88' lang='lat' dir='ltr'>contenta</span> 
     </span>
    </p>
   </div>
   <div class='ocr_carea' id='block_1_3' title="bbox 58 1372 1169 1538">
    <p class='ocr_par' dir='ltr' id='par_1_3' title="bbox 10 1372 1169 1538">
     <span class='ocr_line' id='line_1_14' title="bbox 130 1372 851 1450; baseline 0.008 -23.001"><span class='ocrx_word' id='word_1_107' title='bbox 130 1407 134 1419; x_wconf 73' lang='lat'><em>‹</em></span> <span class='ocrx_word' id='word_1_108' title='bbox 188 1373 277 1450; x_wconf 80' lang='lat' dir='ltr'>ligno,</span> <span class='ocrx_word' id='word_1_109' title='bbox 294 1373 348 1432; x_wconf 91' lang='lat' dir='ltr'>iam</span> <span class='ocrx_word' id='word_1_110' title='bbox 362 1372 468 1450; x_wconf 85' lang='lat' dir='ltr'>lignum</span> <span class='ocrx_word' id='word_1_111' title='bbox 484 1374 557 1434; x_wconf 92' lang='lat' dir='ltr'>enim</span> <span class='ocrx_word' id='word_1_112' title='bbox 573 1391 589 1432; x_wconf 88' lang='lat' dir='ltr'>o</span> <span class='ocrx_word' id='word_1_113' title='bbox 604 1374 745 1440; x_wconf 88' lang='lat' dir='ltr'>testudine</span> <span class='ocrx_word' id='word_1_114' title='bbox 760 1374 851 1435; x_wconf 89' lang='lat' dir='ltr'>iacit.-</span> 
     </span>
     <span class='ocr_line' id='line_1_15' title="bbox 58 1454 1169 1538; baseline 0 -19"><span class='ocrx_word' id='word_1_115' title='bbox 58 1487 61 1498; x_wconf 80' lang='lat'><em>—</em></span> <span class='ocrx_word' id='word_1_116' title='bbox 144 1465 197 1519; x_wconf 69' lang='lat'>234</span> <span class='ocrx_word' id='word_1_117' title='bbox 258 1455 308 1516; x_wconf 84' lang='grc'>44.</span> <span class='ocrx_word' id='word_1_118' title='bbox 327 1454 410 1533; x_wconf 82' lang='grc'>(85.)</span> <span class='ocrx_word' id='word_1_119' title='bbox 432 1456 497 1517; x_wconf 86' lang='lat' dir='ltr'>Vita</span> <span class='ocrx_word' id='word_1_120' title='bbox 510 1456 642 1517; x_wconf 85' lang='lat' dir='ltr'>arborum</span> <span class='ocrx_word' id='word_1_121' title='bbox 654 1457 826 1533; x_wconf 87' lang='lat' dir='ltr'>quarundam</span> <span class='ocrx_word' id='word_1_122' title='bbox 837 1458 963 1519; x_wconf 87' lang='lat' dir='ltr'>inmensa</span> <span class='ocrx_word' id='word_1_123' title='bbox 972 1458 1169 1538; x_wconf 80' lang='lat' dir='ltr'>credipotest,</span> 
     </span>
    </p>
   </div>
   <div class='ocr_carea' id='block_1_4' title="bbox 10 1539 1203 3526">
    <p class='ocr_par' dir='ltr' id='par_1_4' title="bbox 188 1539 1203 1620">
     <span class='ocr_line' id='line_1_16' title="bbox 188 1539 1203 1620; baseline 0.007 -22"><span class='ocrx_word' id='word_1_124' title='bbox 188 1539 291 1619; x_wconf 88' lang='lat' dir='ltr'>siquis</span> <span class='ocrx_word' id='word_1_125' title='bbox 308 1539 449 1619; x_wconf 84' lang='lat' dir='ltr'>profunda</span> <span class='ocrx_word' id='word_1_126' title='bbox 467 1539 561 1600; x_wconf 91' lang='lat' dir='ltr'>mnndi</span> <span class='ocrx_word' id='word_1_127' title='bbox 583 1547 612 1599; x_wconf 87' lang='lat' dir='ltr'>et</span> <span class='ocrx_word' id='word_1_128' title='bbox 633 1541 723 1600; x_wconf 83' lang='lat' dir='ltr'>saltus</span> <span class='ocrx_word' id='word_1_129' title='bbox 736 1542 904 1603; x_wconf 87' lang='lat' dir='ltr'>inaccessos</span> <span class='ocrx_word' id='word_1_130' title='bbox 920 1543 1038 1620; x_wconf 78' lang='lat' dir='ltr'>cogitat.</span> <span class='ocrx_word' id='word_1_131' title='bbox 1069 1559 1170 1602; x_wconf 84' lang='lat' dir='ltr'>verunt</span> <span class='ocrx_word' id='word_1_132' title='bbox 1181 1565 1203 1605; x_wconf 81' lang='grc' dir='ltr'>ιι</span> 
     </span>
    </p>

    <p class='ocr_par' dir='ltr' id='par_1_5' title="bbox 188 1623 1170 1704">
     <span class='ocr_line' id='line_1_17' title="bbox 188 1623 1170 1704; baseline 0.004 -22"><span class='ocrx_word' id='word_1_133' title='bbox 188 1641 226 1683; x_wconf 86' lang='lat' dir='ltr'>ex</span> <span class='ocrx_word' id='word_1_134' title='bbox 246 1623 291 1684; x_wconf 74' lang='lat' dir='ltr'>tus</span> <span class='ocrx_word' id='word_1_135' title='bbox 312 1641 383 1704; x_wconf 84' lang='lat' dir='ltr'>quas</span> <span class='ocrx_word' id='word_1_136' title='bbox 400 1625 536 1685; x_wconf 65' lang='lat' dir='ltr'>memoria</span> <span class='ocrx_word' id='word_1_137' title='bbox 554 1624 693 1684; x_wconf 85' lang='lat' dir='ltr'>dominum</span> <span class='ocrx_word' id='word_1_138' title='bbox 711 1624 835 1684; x_wconf 89' lang='lat' dir='ltr'>custodit</span> <span class='ocrx_word' id='word_1_139' title='bbox 858 1625 957 1686; x_wconf 85' lang='lat' dir='ltr'>durant</span> <span class='ocrx_word' id='word_1_140' title='bbox 977 1627 1005 1686; x_wconf 91' lang='lat' dir='ltr'>in</span> <span class='ocrx_word' id='word_1_141' title='bbox 1023 1625 1170 1687; x_wconf 85' lang='lat' dir='ltr'>Liternino</span> 
     </span>
    </p>

    <p class='ocr_par' dir='ltr' id='par_1_6' title="bbox 186 1706 1170 1788">
     <span class='ocr_line' id='line_1_18' title="bbox 186 1706 1170 1788; baseline 0.003 -22"><span class='ocrx_word' id='word_1_142' title='bbox 186 1706 315 1769; x_wconf 79' lang='lat' dir='ltr'>Africani</span> <span class='ocrx_word' id='word_1_143' title='bbox 327 1709 432 1788; x_wconf 89' lang='lat' dir='ltr'>prioris</span> <span class='ocrx_word' id='word_1_144' title='bbox 451 1727 533 1768; x_wconf 89' lang='lat' dir='ltr'>manu</span> <span class='ocrx_word' id='word_1_145' title='bbox 548 1717 627 1769; x_wconf 85' lang='lat' dir='ltr'>satae</span> <span class='ocrx_word' id='word_1_146' title='bbox 643 1707 753 1788; x_wconf 84' lang='lat' dir='ltr'>olivae,</span> <span class='ocrx_word' id='word_1_147' title='bbox 773 1709 841 1769; x_wconf 90' lang='lat' dir='ltr'>item</span> <span class='ocrx_word' id='word_1_148' title='bbox 856 1719 964 1784; x_wconf 74' lang='lat' dir='ltr'>myrtus</span> <span class='ocrx_word' id='word_1_149' title='bbox 982 1709 1084 1769; x_wconf 90' lang='lat' dir='ltr'>eodem</span> <span class='ocrx_word' id='word_1_150' title='bbox 1100 1708 1170 1770; x_wconf 91' lang='lat' dir='ltr'>loco</span> 
     </span>
    </p>

    <p class='ocr_par' dir='ltr' id='par_1_7' title="bbox 81 1785 1169 1872">
     <span class='ocr_line' id='line_1_19' title="bbox 81 1785 1169 1872; baseline 0.001 -19"><span class='ocrx_word' id='word_1_151' title='bbox 81 1785 87 1796; x_wconf 76' lang='grc'><em>’</em></span> <span class='ocrx_word' id='word_1_152' title='bbox 189 1794 363 1870; x_wconf 88' lang='lat' dir='ltr'>conspicuae</span> <span class='ocrx_word' id='word_1_153' title='bbox 378 1792 586 1870; x_wconf 83' lang='lat' dir='ltr'>magnitudinis.</span> <span class='ocrx_word' id='word_1_154' title='bbox 619 1790 719 1852; x_wconf 86' lang='lat' dir='ltr'>subest</span> <span class='ocrx_word' id='word_1_155' title='bbox 740 1810 847 1871; x_wconf 81' lang='lat' dir='ltr'>specus</span> <span class='ocrx_word' id='word_1_156' title='bbox 869 1793 897 1852; x_wconf 93' lang='lat' dir='ltr'>in</span> <span class='ocrx_word' id='word_1_157' title='bbox 919 1810 975 1872; x_wconf 87' lang='lat' dir='ltr'>quo</span> <span class='ocrx_word' id='word_1_158' title='bbox 995 1793 1084 1854; x_wconf 87' lang='lat' dir='ltr'>manis</span> <span class='ocrx_word' id='word_1_159' title='bbox 1105 1794 1169 1854; x_wconf 89' lang='lat' dir='ltr'>eius</span> 
     </span>
    </p>

    <p class='ocr_par' dir='ltr' id='par_1_8' title="bbox 144 1873 1203 2452">
     <span class='ocr_line' id='line_1_20' title="bbox 144 1873 1169 1953; baseline 0 -15"><span class='ocrx_word' id='word_1_160' title='bbox 144 1881 196 1938; x_wconf 76' lang='lat'>235</span> <span class='ocrx_word' id='word_1_161' title='bbox 208 1877 352 1936; x_wconf 87' lang='lat' dir='ltr'>custodire</span> <span class='ocrx_word' id='word_1_162' title='bbox 367 1876 454 1935; x_wconf 89' lang='lat' dir='ltr'>draco</span> <span class='ocrx_word' id='word_1_163' title='bbox 467 1875 593 1934; x_wconf 89' lang='lat' dir='ltr'>traditur.</span> <span class='ocrx_word' id='word_1_164' title='bbox 617 1873 725 1936; x_wconf 82' lang='lat' dir='ltr'>Romae</span> <span class='ocrx_word' id='word_1_165' title='bbox 736 1891 807 1936; x_wconf 86' lang='lat' dir='ltr'>vero</span> <span class='ocrx_word' id='word_1_166' title='bbox 819 1875 896 1936; x_wconf 89' lang='lat' dir='ltr'>lotos</span> <span class='ocrx_word' id='word_1_167' title='bbox 909 1877 936 1938; x_wconf 91' lang='lat' dir='ltr'>in</span> <span class='ocrx_word' id='word_1_168' title='bbox 949 1875 1073 1936; x_wconf 82' lang='lat' dir='ltr'>lucinae</span> <span class='ocrx_word' id='word_1_169' title='bbox 1087 1893 1169 1953; x_wconf 82' lang='lat' dir='ltr'>area,</span> 
     </span>
     <span class='ocr_line' id='line_1_21' title="bbox 188 1956 1203 2036; baseline 0 -18"><span class='ocrx_word' id='word_1_170' title='bbox 188 1975 261 2019; x_wconf 91' lang='lat' dir='ltr'>anno</span> <span class='ocrx_word' id='word_1_171' title='bbox 278 1959 326 2036; x_wconf 86' lang='lat' dir='ltr'>qui</span> <span class='ocrx_word' id='word_1_172' title='bbox 341 1958 392 2016; x_wconf 91' lang='lat' dir='ltr'>init</span> <span class='ocrx_word' id='word_1_173' title='bbox 412 1959 474 2018; x_wconf 88' lang='lat' dir='ltr'>sine</span> <span class='ocrx_word' id='word_1_174' title='bbox 489 1956 698 2034; x_wconf 84' lang='lat' dir='ltr'>magistratibus</span> <span class='ocrx_word' id='word_1_175' title='bbox 714 1971 894 2020; x_wconf 73' lang='lat' dir='ltr'>(rechxxtx.</span> <span class='ocrx_word' id='word_1_176' title='bbox 919 1959 1084 2020; x_wconf 71' lang='lat' dir='ltr'>urbis&#39;aede</span> <span class='ocrx_word' id='word_1_177' title='bbox 1100 1976 1203 2020; x_wconf 85' lang='lat' dir='ltr'>oon-ao</span> 
     </span>
     <span class='ocr_line' id='line_1_22' title="bbox 188 2041 1169 2121; baseline 0.004 -20"><span class='ocrx_word' id='word_1_178' title='bbox 188 2041 263 2116; x_wconf 85' lang='lat' dir='ltr'>dita,</span> <span class='ocrx_word' id='word_1_179' title='bbox 292 2043 429 2100; x_wconf 87' lang='lat' dir='ltr'>incertum</span> <span class='ocrx_word' id='word_1_180' title='bbox 453 2043 516 2120; x_wconf 88' lang='lat' dir='ltr'>ipsa</span> <span class='ocrx_word' id='word_1_181' title='bbox 536 2049 639 2120; x_wconf 84' lang='lat' dir='ltr'>quanto</span> <span class='ocrx_word' id='word_1_182' title='bbox 666 2044 817 2104; x_wconf 87' lang='lat' dir='ltr'>vetustior.</span> <span class='ocrx_word' id='word_1_183' title='bbox 859 2061 926 2104; x_wconf 87' lang='lat' dir='ltr'>esse</span> <span class='ocrx_word' id='word_1_184' title='bbox 950 2043 1064 2121; x_wconf 86' lang='lat' dir='ltr'>quidem</span> <span class='ocrx_word' id='word_1_185' title='bbox 1086 2053 1169 2104; x_wconf 86' lang='lat' dir='ltr'>vetu-</span> 
     </span>
     <span class='ocr_line' id='line_1_23' title="bbox 187 2123 1168 2206; baseline 0.001 -22"><span class='ocrx_word' id='word_1_186' title='bbox 187 2125 305 2184; x_wconf 88' lang='lat' dir='ltr'>stiorem</span> <span class='ocrx_word' id='word_1_187' title='bbox 319 2141 376 2183; x_wconf 91' lang='lat' dir='ltr'>non</span> <span class='ocrx_word' id='word_1_188' title='bbox 389 2133 434 2184; x_wconf 89' lang='lat' dir='ltr'>est</span> <span class='ocrx_word' id='word_1_189' title='bbox 447 2123 576 2200; x_wconf 85' lang='lat' dir='ltr'>dubium,</span> <span class='ocrx_word' id='word_1_190' title='bbox 596 2135 658 2184; x_wconf 86' lang='lat' dir='ltr'>oum</span> <span class='ocrx_word' id='word_1_191' title='bbox 677 2126 713 2186; x_wconf 87' lang='lat' dir='ltr'>ab</span> <span class='ocrx_word' id='word_1_192' title='bbox 737 2144 772 2187; x_wconf 90' lang='lat' dir='ltr'>eo</span> <span class='ocrx_word' id='word_1_193' title='bbox 794 2127 860 2186; x_wconf 91' lang='lat' dir='ltr'>luco</span> <span class='ocrx_word' id='word_1_194' title='bbox 875 2127 979 2206; x_wconf 82' lang='lat' dir='ltr'>Lucina</span> <span class='ocrx_word' id='word_1_195' title='bbox 999 2128 1168 2187; x_wconf 86' lang='lat' dir='ltr'>nominetur.</span> 
     </span>
     <span class='ocr_line' id='line_1_24' title="bbox 186 2206 1170 2286; baseline 0.002 -18"><span class='ocrx_word' id='word_1_196' title='bbox 186 2207 260 2268; x_wconf 88' lang='lat' dir='ltr'>haec</span> <span class='ocrx_word' id='word_1_197' title='bbox 276 2225 351 2280; x_wconf 88' lang='lat' dir='ltr'>nunc</span> <span class='ocrx_word' id='word_1_198' title='bbox 368 2206 483 2269; x_wconf 77' lang='lat' dir='ltr'>circiter</span> <span class='ocrx_word' id='word_1_199' title='bbox 496 2225 597 2269; x_wconf 88' lang='lat' dir='ltr'>annum</span> <span class='ocrx_word' id='word_1_200' title='bbox 613 2220 727 2269; x_wconf 75' lang='lat' dir='ltr'>sooch.</span> <span class='ocrx_word' id='word_1_201' title='bbox 744 2208 839 2269; x_wconf 88' lang='lat' dir='ltr'>habet.</span> <span class='ocrx_word' id='word_1_202' title='bbox 869 2209 1010 2286; x_wconf 84' lang='lat' dir='ltr'>antiquior</span> <span class='ocrx_word' id='word_1_203' title='bbox 1030 2217 1090 2284; x_wconf 85' lang='lat' dir='ltr'>est,</span> <span class='ocrx_word' id='word_1_204' title='bbox 1114 2209 1170 2270; x_wconf 88' lang='lat' dir='ltr'>sed</span> 
     </span>
     <span class='ocr_line' id='line_1_25' title="bbox 186 2288 1169 2372; baseline 0.002 -22"><span class='ocrx_word' id='word_1_205' title='bbox 186 2291 295 2352; x_wconf 88' lang='lat' dir='ltr'>incerta</span> <span class='ocrx_word' id='word_1_206' title='bbox 312 2294 374 2352; x_wconf 90' lang='lat' dir='ltr'>eius</span> <span class='ocrx_word' id='word_1_207' title='bbox 388 2301 478 2372; x_wconf 88' lang='lat' dir='ltr'>aetas,</span> <span class='ocrx_word' id='word_1_208' title='bbox 495 2309 568 2370; x_wconf 88' lang='lat' dir='ltr'>quae</span> <span class='ocrx_word' id='word_1_209' title='bbox 587 2290 718 2368; x_wconf 88' lang='lat' dir='ltr'>capillata</span> <span class='ocrx_word' id='word_1_210' title='bbox 735 2293 846 2366; x_wconf 89' lang='lat' dir='ltr'>dicitur,</span> <span class='ocrx_word' id='word_1_211' title='bbox 863 2291 994 2369; x_wconf 78' lang='lat' dir='ltr'>quoniam</span> <span class='ocrx_word' id='word_1_212' title='bbox 1008 2288 1169 2354; x_wconf 77' lang='lat' dir='ltr'>Vestalium</span> 
     </span>
     <span class='ocr_line' id='line_1_26' title="bbox 187 2372 1201 2452; baseline -0.007 -19"><span class='ocrx_word' id='word_1_213' title='bbox 187 2376 326 2452; x_wconf 80' lang='lat' dir='ltr'>virginum</span> <span class='ocrx_word' id='word_1_214' title='bbox 341 2375 462 2452; x_wconf 88' lang='lat' dir='ltr'>capillus</span> <span class='ocrx_word' id='word_1_215' title='bbox 475 2374 510 2432; x_wconf 84' lang='lat' dir='ltr'>nd</span> <span class='ocrx_word' id='word_1_216' title='bbox 525 2391 587 2433; x_wconf 89' lang='lat' dir='ltr'>eam</span> <span class='ocrx_word' id='word_1_217' title='bbox 603 2372 739 2432; x_wconf 84' lang='lat' dir='ltr'>defertur.</span> <span class='ocrx_word' id='word_1_218' title='bbox 1177 2395 1201 2435; x_wconf 68' lang='grc' dir='ltr'>ιι</span> 
     </span>
    </p>

    <p class='ocr_par' dir='ltr' id='par_1_9' title="bbox 144 2454 1203 2948">
     <span class='ocr_line' id='line_1_27' title="bbox 144 2454 1168 2536; baseline 0.007 -23"><span class='ocrx_word' id='word_1_219' title='bbox 144 2465 196 2521; x_wconf 78' lang='lat' dir='ltr'>nee</span> <span class='ocrx_word' id='word_1_220' title='bbox 259 2455 342 2536; x_wconf 88' lang='lat'>(86)</span> <span class='ocrx_word' id='word_1_221' title='bbox 363 2457 468 2516; x_wconf 87' lang='lat' dir='ltr'>Verum</span> <span class='ocrx_word' id='word_1_222' title='bbox 488 2455 578 2515; x_wconf 88' lang='lat' dir='ltr'>altera</span> <span class='ocrx_word' id='word_1_223' title='bbox 598 2454 674 2514; x_wconf 87' lang='lat' dir='ltr'>lotos</span> <span class='ocrx_word' id='word_1_224' title='bbox 697 2455 725 2514; x_wconf 90' lang='lat' dir='ltr'>in</span> <span class='ocrx_word' id='word_1_225' title='bbox 744 2454 909 2533; x_wconf 79' lang='lat' dir='ltr'>volcanali,</span> <span class='ocrx_word' id='word_1_226' title='bbox 935 2455 1012 2535; x_wconf 85' lang='lat' dir='ltr'>qnod</span> <span class='ocrx_word' id='word_1_227' title='bbox 1027 2455 1168 2521; x_wconf 88' lang='lat' dir='ltr'>llomulns</span> 
     </span>
     <span class='ocr_line' id='line_1_28' title="bbox 188 2536 1167 2638; baseline 0.007 -40"><span class='ocrx_word' id='word_1_228' title='bbox 188 2539 333 2598; x_wconf 89' lang='lat' dir='ltr'>constituit</span> <span class='ocrx_word' id='word_1_229' title='bbox 348 2557 384 2598; x_wconf 86' lang='lat' dir='ltr'>ex</span> <span class='ocrx_word' id='word_1_230' title='bbox 390 2539 520 2600; x_wconf 89' lang='lat' dir='ltr'>victoria</span> <span class='ocrx_word' id='word_1_231' title='bbox 535 2536 571 2597; x_wconf 90' lang='lat' dir='ltr'>de</span> <span class='ocrx_word' id='word_1_232' title='bbox 587 2537 725 2614; x_wconf 84' lang='lat' dir='ltr'>decumis,</span> <span class='ocrx_word' id='word_1_233' title='bbox 738 2554 886 2638; x_wconf 74' lang='lat' dir='ltr'>aequpeva</span> <span class='ocrx_word' id='word_1_234' title='bbox 902 2539 965 2600; x_wconf 89' lang='lat' dir='ltr'>urhi</span> <span class='ocrx_word' id='word_1_235' title='bbox 977 2541 1167 2620; x_wconf 78' lang='lat' dir='ltr'>intellegitur,</span> 
     </span>
     <span class='ocr_line' id='line_1_29' title="bbox 188 2620 1167 2704; baseline 0.008 -24"><span class='ocrx_word' id='word_1_236' title='bbox 188 2630 216 2680; x_wconf 93' lang='lat' dir='ltr'>ut</span> <span class='ocrx_word' id='word_1_237' title='bbox 238 2630 402 2681; x_wconf 85' lang='lat' dir='ltr'>auctorest</span> <span class='ocrx_word' id='word_1_238' title='bbox 421 2620 569 2681; x_wconf 81' lang='lat' dir='ltr'>Masurius</span> <span class='ocrx_word' id='word_1_239' title='bbox 597 2620 712 2680; x_wconf 88' lang='lat' dir='ltr'>radices</span> <span class='ocrx_word' id='word_1_240' title='bbox 731 2623 794 2681; x_wconf 88' lang='lat' dir='ltr'>eius</span> <span class='ocrx_word' id='word_1_241' title='bbox 813 2623 841 2681; x_wconf 94' lang='lat' dir='ltr'>in</span> <span class='ocrx_word' id='word_1_242' title='bbox 862 2623 954 2684; x_wconf 84' lang='lat' dir='ltr'>lorum</span> <span class='ocrx_word' id='word_1_243' title='bbox 976 2643 1068 2704; x_wconf 86' lang='lat' dir='ltr'>nsque</span> <span class='ocrx_word' id='word_1_244' title='bbox 1091 2622 1167 2688; x_wconf 75' lang='lat' dir='ltr'>(lae-</span> 
     </span>
     <span class='ocr_line' id='line_1_30' title="bbox 186 2703 1168 2806; baseline 0.006 -42"><span class='ocrx_word' id='word_1_245' title='bbox 186 2705 258 2764; x_wconf 90' lang='lat' dir='ltr'>saris</span> <span class='ocrx_word' id='word_1_246' title='bbox 284 2720 338 2782; x_wconf 90' lang='lat' dir='ltr'>per</span> <span class='ocrx_word' id='word_1_247' title='bbox 364 2706 501 2764; x_wconf 84' lang='lat' dir='ltr'>stationes</span> <span class='ocrx_word' id='word_1_248' title='bbox 525 2703 739 2781; x_wconf 87' lang='lat' dir='ltr'>municipiomm</span> <span class='ocrx_word' id='word_1_249' title='bbox 763 2716 924 2806; x_wconf 72' lang='lat' dir='ltr'>penetrant.</span> <span class='ocrx_word' id='word_1_250' title='bbox 962 2707 1013 2768; x_wconf 85' lang='lat' dir='ltr'>luit</span> <span class='ocrx_word' id='word_1_251' title='bbox 1038 2727 1101 2768; x_wconf 87' lang='lat' dir='ltr'>curn</span> <span class='ocrx_word' id='word_1_252' title='bbox 1130 2728 1168 2770; x_wconf 91' lang='lat' dir='ltr'>ea</span> 
     </span>
     <span class='ocr_line' id='line_1_31' title="bbox 187 2787 1203 2871; baseline 0.006 -25"><span class='ocrx_word' id='word_1_253' title='bbox 187 2805 342 2865; x_wconf 87' lang='lat' dir='ltr'>cupressus</span> <span class='ocrx_word' id='word_1_254' title='bbox 357 2788 526 2867; x_wconf 80' lang='lat' dir='ltr'>aequalis</span> <span class='ocrx_word' id='word_1_255' title='bbox 501 2805 576 2848; x_wconf 79' lang='lat' dir='ltr'>eirca</span> <span class='ocrx_word' id='word_1_256' title='bbox 591 2804 724 2865; x_wconf 89' lang='lat' dir='ltr'>suprema</span> <span class='ocrx_word' id='word_1_257' title='bbox 737 2787 861 2850; x_wconf 89' lang='lat' dir='ltr'>Neronis</span> <span class='ocrx_word' id='word_1_258' title='bbox 876 2791 1013 2870; x_wconf 86' lang='lat' dir='ltr'>principis</span> <span class='ocrx_word' id='word_1_259' title='bbox 1028 2790 1203 2871; x_wconf 76' lang='lat' dir='ltr'>prolapsam</span> 
     </span>
     <span class='ocr_line' id='line_1_32' title="bbox 186 2872 430 2948; baseline 0.004 -18"><span class='ocrx_word' id='word_1_260' title='bbox 186 2879 271 2948; x_wconf 80' lang='lat' dir='ltr'>atque</span> <span class='ocrx_word' id='word_1_261' title='bbox 285 2872 430 2948; x_wconf 84' lang='lat' dir='ltr'>neglecta</span> 
     </span>
    </p>

    <p class='ocr_par' dir='ltr' id='par_1_10' title="bbox 145 2953 1166 3037">
     <span class='ocr_line' id='line_1_33' title="bbox 145 2953 1166 3037; baseline 0.003 -20"><span class='ocrx_word' id='word_1_262' title='bbox 145 2961 195 3017; x_wconf 76' lang='lat'>23⁷</span> <span class='ocrx_word' id='word_1_263' title='bbox 258 2953 341 3034; x_wconf 81' lang='lat'>(87.)</span> <span class='ocrx_word' id='word_1_264' title='bbox 370 2955 517 3015; x_wconf 76' lang='lat' dir='ltr'>vetustior</span> <span class='ocrx_word' id='word_1_265' title='bbox 541 2962 634 3014; x_wconf 86' lang='lat' dir='ltr'>autem</span> <span class='ocrx_word' id='word_1_266' title='bbox 660 2954 764 3015; x_wconf 85' lang='lat' dir='ltr'>urbe</span> <span class='ocrx_word' id='word_1_267' title='bbox 755 2973 783 3014; x_wconf 95' lang='lat' dir='ltr'>m</span> <span class='ocrx_word' id='word_1_268' title='bbox 807 2954 947 3017; x_wconf 76' lang='lat' dir='ltr'>Vaticano</span> <span class='ocrx_word' id='word_1_269' title='bbox 970 2957 1063 3016; x_wconf 84' lang='lat' dir='ltr'>ilex&#39;</span> <span class='ocrx_word' id='word_1_270' title='bbox 1054 2975 1081 3016; x_wconf 91' lang='grc' dir='ltr'>ιιι</span> <span class='ocrx_word' id='word_1_271' title='bbox 1108 2976 1166 3037; x_wconf 82' lang='lat' dir='ltr'>qua</span> 
     </span>
    </p>

    <p class='ocr_par' dir='ltr' id='par_1_11' title="bbox 10 3036 1166 3115">
     <span class='ocr_line' id='line_1_34' title="bbox 10 3036 1166 3115; baseline 0.008 -23"><span class='ocrx_word' id='word_1_272' title='bbox 10 3067 11 3092; x_wconf 64' lang='lat' dir='ltr'>r</span> <span class='ocrx_word' id='word_1_273' title='bbox 186 3037 283 3097; x_wconf 88' lang='lat' dir='ltr'>titulus</span> <span class='ocrx_word' id='word_1_274' title='bbox 302 3039 396 3098; x_wconf 90' lang='lat' dir='ltr'>aereis</span> <span class='ocrx_word' id='word_1_275' title='bbox 418 3036 520 3096; x_wconf 85' lang='lat' dir='ltr'>litteris</span> <span class='ocrx_word' id='word_1_276' title='bbox 545 3036 674 3097; x_wconf 82' lang='lat' dir='ltr'>Etruscis</span> <span class='ocrx_word' id='word_1_277' title='bbox 700 3036 841 3115; x_wconf 77' lang='lat' dir='ltr'>religione</span> <span class='ocrx_word' id='word_1_278' title='bbox 866 3039 1036 3100; x_wconf 80' lang='lat' dir='ltr'>arborem</span> <span class='ocrx_word' id='word_1_279' title='bbox 1027 3059 1081 3101; x_wconf 90' lang='lat' dir='ltr'>ram</span> <span class='ocrx_word' id='word_1_280' title='bbox 1105 3050 1166 3101; x_wconf 90' lang='lat' dir='ltr'>tum</span> 
     </span>
    </p>

    <p class='ocr_par' dir='ltr' id='par_1_12' title="bbox 10 3115 1178 3202">
     <span class='ocr_line' id='line_1_35' title="bbox 115 3117 1178 3202; baseline 0.004 -21.545"><span class='ocrx_word' id='word_1_281' title='bbox 115 3194 119 3198; x_wconf 24' lang='grc' dir='ltr'>Ι</span> <span class='ocrx_word' id='word_1_282' title='bbox 186 3119 299 3198; x_wconf 77' lang='lat' dir='ltr'>dignam</span> <span class='ocrx_word' id='word_1_283' title='bbox 321 3121 411 3181; x_wconf 86' lang='lat' dir='ltr'>inisse</span> <span class='ocrx_word' id='word_1_284' title='bbox 432 3121 581 3198; x_wconf 79' lang='lat' dir='ltr'>significat.</span> <span class='ocrx_word' id='word_1_285' title='bbox 625 3119 757 3182; x_wconf 78' lang='lat' dir='ltr'>Tiburtes</span> <span class='ocrx_word' id='word_1_286' title='bbox 781 3141 896 3202; x_wconf 85' lang='lat' dir='ltr'>quoque</span> <span class='ocrx_word' id='word_1_287' title='bbox 916 3124 1058 3200; x_wconf 75' lang='lat' dir='ltr'>originem</span> <span class='ocrx_word' id='word_1_288' title='bbox 1072 3117 1178 3185; x_wconf 76' lang='lat' dir='ltr'>molto</span> 
     </span>
    </p>

    <p class='ocr_par' dir='ltr' id='par_1_13' title="bbox 10 3203 1202 3283">
     <span class='ocr_line' id='line_1_36' title="bbox 10 3203 1202 3283; baseline 0.007 -22"><span class='ocrx_word' id='word_1_289' title='bbox 10 3237 11 3246; x_wconf 30' lang='grc' dir='ltr'>ι</span> <span class='ocrx_word' id='word_1_290' title='bbox 186 3213 252 3263; x_wconf 91' lang='lat' dir='ltr'>ante</span> <span class='ocrx_word' id='word_1_291' title='bbox 262 3203 361 3265; x_wconf 89' lang='lat' dir='ltr'>arbem</span> <span class='ocrx_word' id='word_1_292' title='bbox 373 3203 489 3264; x_wconf 86' lang='lat' dir='ltr'>llomam</span> <span class='ocrx_word' id='word_1_293' title='bbox 500 3203 613 3264; x_wconf 88' lang='lat' dir='ltr'>habent</span> <span class='ocrx_word' id='word_1_294' title='bbox 640 3205 714 3283; x_wconf 92' lang='lat' dir='ltr'>apnd</span> <span class='ocrx_word' id='word_1_295' title='bbox 726 3221 778 3264; x_wconf 89' lang='lat' dir='ltr'>eos</span> <span class='ocrx_word' id='word_1_296' title='bbox 790 3215 902 3266; x_wconf 87' lang='lat' dir='ltr'>exstant</span> <span class='ocrx_word' id='word_1_297' title='bbox 913 3205 996 3265; x_wconf 87' lang='lat' dir='ltr'>ilices</span> <span class='ocrx_word' id='word_1_298' title='bbox 1008 3215 1068 3268; x_wconf 89' lang='lat' dir='ltr'>tres</span> <span class='ocrx_word' id='word_1_299' title='bbox 1080 3208 1166 3268; x_wconf 88' lang='lat' dir='ltr'>etiam</span> <span class='ocrx_word' id='word_1_300' title='bbox 1175 3227 1202 3269; x_wconf 82' lang='grc' dir='ltr'>ιι</span> 
     </span>
    </p>

    <p class='ocr_par' dir='ltr' id='par_1_14' title="bbox 186 3285 1166 3388">
     <span class='ocr_line' id='line_1_37' title="bbox 186 3285 1166 3388; baseline 0.005 -44"><span class='ocrx_word' id='word_1_301' title='bbox 186 3285 310 3347; x_wconf 86' lang='lat' dir='ltr'>&#39;liburno</span> <span class='ocrx_word' id='word_1_302' title='bbox 326 3286 473 3348; x_wconf 90' lang='lat' dir='ltr'>conditore</span> <span class='ocrx_word' id='word_1_303' title='bbox 489 3303 587 3347; x_wconf 88' lang='lat' dir='ltr'>eorum</span> <span class='ocrx_word' id='word_1_304' title='bbox 600 3290 772 3348; x_wconf 83' lang='lat' dir='ltr'>vetustiores</span> <span class='ocrx_word' id='word_1_305' title='bbox 779 3289 878 3368; x_wconf 85' lang='lat' dir='ltr'>‚apud</span> <span class='ocrx_word' id='word_1_306' title='bbox 895 3306 965 3368; x_wconf 86' lang='lat' dir='ltr'>quas</span> <span class='ocrx_word' id='word_1_307' title='bbox 980 3290 1166 3388; x_wconf 75' lang='lat' dir='ltr'>inauguratus</span> 
     </span>
    </p>

    <p class='ocr_par' dir='ltr' id='par_1_15' title="bbox 185 3367 1165 3452">
     <span class='ocr_line' id='line_1_38' title="bbox 185 3367 1165 3452; baseline 0.006 -25"><span class='ocrx_word' id='word_1_308' title='bbox 185 3369 311 3430; x_wconf 89' lang='lat' dir='ltr'>traditur.</span> <span class='ocrx_word' id='word_1_309' title='bbox 336 3371 426 3430; x_wconf 86' lang='lat' dir='ltr'>luisse</span> <span class='ocrx_word' id='word_1_310' title='bbox 440 3379 533 3430; x_wconf 89' lang='lat' dir='ltr'>autem</span> <span class='ocrx_word' id='word_1_311' title='bbox 548 3387 610 3430; x_wconf 88' lang='lat' dir='ltr'>enm</span> <span class='ocrx_word' id='word_1_312' title='bbox 625 3371 735 3430; x_wconf 89' lang='lat' dir='ltr'>tradunt</span> <span class='ocrx_word' id='word_1_313' title='bbox 751 3373 835 3432; x_wconf 89' lang='lat' dir='ltr'>lilium</span> <span class='ocrx_word' id='word_1_314' title='bbox 850 3372 1014 3451; x_wconf 83' lang='lat' dir='ltr'>Amphiarai</span> <span class='ocrx_word' id='word_1_315' title='bbox 1026 3391 1073 3452; x_wconf 88' lang='lat' dir='ltr'>qur</span> <span class='ocrx_word' id='word_1_316' title='bbox 1066 3367 1165 3452; x_wconf 89' lang='lat' dir='ltr'>apud</span> 
     </span>
    </p>

    <p class='ocr_par' dir='ltr' id='par_1_16' title="bbox 186 3451 938 3526">
     <span class='ocr_line' id='line_1_39' title="bbox 186 3451 938 3526; baseline 0.012 -16"><span class='ocrx_word' id='word_1_317' title='bbox 186 3451 301 3513; x_wconf 84' lang='lat' dir='ltr'>Thebas</span> <span class='ocrx_word' id='word_1_318' title='bbox 315 3453 416 3515; x_wconf 87' lang='lat' dir='ltr'>obierit</span> <span class='ocrx_word' id='word_1_319' title='bbox 430 3472 484 3514; x_wconf 91' lang='lat' dir='ltr'>una</span> <span class='ocrx_word' id='word_1_320' title='bbox 502 3455 596 3515; x_wconf 79' lang='lat' dir='ltr'>astate</span> <span class='ocrx_word' id='word_1_321' title='bbox 611 3463 676 3515; x_wconf 90' lang='lat' dir='ltr'>ante</span> <span class='ocrx_word' id='word_1_322' title='bbox 691 3453 806 3526; x_wconf 88' lang='lat' dir='ltr'>Iliacum</span> <span class='ocrx_word' id='word_1_323' title='bbox 822 3455 938 3519; x_wconf 84' lang='lat' dir='ltr'>bellum.</span> 
     </span>
    </p>
   </div>
   <div class='ocr_carea' id='block_1_5' title="bbox 0 0 1272 3861">
    <p class='ocr_par' dir='ltr' id='par_1_17' title="bbox 0 0 1272 3861">
     <span class='ocr_line' id='line_1_40' title="bbox 0 0 1272 3861; baseline 0 0"><span class='ocrx_word' id='word_1_324' title='bbox 0 0 1272 3861; x_wconf 95' lang='lat' dir='ltr'> </span> 
     </span>
    </p>
   </div>
  </div>
 </body>
</html>
