2538 3864
294 261 375 310 nna.
381 243 481 310 ‘rursm
498 217 571 309 xxc
586 260 689 314 9-11
709 249 861 328 (ue-38)
970 233 990 341 ἰ
1015 251 1076 314 243

138 417 222 498 (33.)
246 415 283 478 Et
298 425 405 476 tannim
422 414 494 477 lolio
510 425 649 476 coronant
663 415 740 478 lovis
752 416 818 493 dos,
835 434 1007 511 amaracum,
1022 419 1071 480 he·
1084 431 1119 486 59

39 503 267 578 caracallas,
297 499 503 577 habrotonum,
530 499 699 576 Halmium,
731 500 929 593 sisymbrium,
959 491 1076 582 serpyl-

80 587 148 662 lum,
177 588 270 651 omnia
297 584 450 645 surculosa
475 601 562 644 rosae
589 584 685 644 modo.
725 574 847 644 Colore
855 593 962 646 tantum
979 587 1079 664 placet

79 669 151 730 lovis
167 669 239 745 dos,
263 670 337 730 odor
358 669 457 744 abest
484 669 559 728 sicut
573 677 603 727 et
621 669 663 728 illi
679 669 733 746 qui
750 667 862 730 Graece
877 668 972 747 phlox
989 687 1078 731 voca-

58 763 130 813 ιιιι.
159 757 288 814 eiramis
309 762 449 813 autemst
468 753 539 812 lolio
555 752 676 813 odorata
696 762 761 816 sunt
785 763 911 835 excepto
934 755 1076 832 serpyllo.

78 837 223 898 Helenium
240 858 257 898 e
276 838 402 898 lacrimis
425 835 554 901 Helenae
573 836 675 896 dicitur
696 847 807 912 natum,
835 845 865 897 et
889 837 955 897 ideo
971 838 1000 897 in
1019 837 1077 898 lle-

78 923 140 982 lene
163 923 255 982 insula
276 921 510 982 laudatissimum.
549 929 594 981 est
615 931 709 981 autem
727 921 825 982 frutex
844 917 920 981 humi
941 940 974 982 se
996 938 1076 1000 spar-

76 1023 146 1083 gens
162 1005 378 1069 dodrantalibus
396 1006 530 1080 ramulis,
560 1005 691 1084 serpyllo
708 1005 793 1065 simili
807 1004 889 1066 lolio.
920 1049 921 1054 .

1161 295 1242 526 l

1244 956 1247 1028 l

136 1090 219 1174 (34.)
246 1089 445 1150 habrotonum
469 1089 562 1149 odora
586 1088 708 1149 iucunde
733 1091 816 1167 gravi
841 1088 926 1149 ilorct
951 1099 1120 1169 aestate‚6o
1233 1095 1248 1152 ’,

43 1177 155 1236 waurei
171 1176 290 1235 coloris.
332 1191 453 1252 vacuum
479 1182 585 1251 sponte
610 1174 763 1251 provenit,
786 1174 934 1234 cacumine
960 1193 1013 1235 suo
1041 1194 1076 1236 se

74 1267 225 1338 propagat.
257 1259 363 1318 seritur
380 1266 475 1317 autem
494 1258 603 1316 semine
621 1257 723 1318 melius
739 1274 823 1337 quam
836 1257 935 1318 radice
951 1267 1002 1319 aut
1015 1277 1075 1320 sur·

75 1343 154 1418 culo,
187 1344 298 1406 semine
315 1358 432 1420 quoque
448 1357 506 1400 non
521 1342 583 1400 sine
600 1342 719 1418 negotio
741 1341 880 1419 plantaria
900 1343 1075 1404 transierun-

64 1437 125 1486 tur.
152 1427 195 1486 sic
212 1436 241 1486 et
257 1425 418 1500 sidonium,
436 1433 586 1524 utrcumque
603 1433 724 1484 aestate.
755 1425 863 1486 alsiosa
882 1427 957 1488 euim
978 1426 1075 1488 admo·

14 1571 15 1582 ,
74 1511 136 1570 dum
151 1520 216 1569 sunt
232 1520 260 1570 et
276 1510 341 1569 sole
356 1517 452 1569 tamen
466 1526 552 1569 ιιιιιιιο
569 1508 728 1568 laeduntur
758 1509 1074 1586 sedubiconvaluere
1149 1521 1152 1524 '

38 1602 154 1651 serulae
169 1595 235 1652 vice
250 1593 394 1652 fruticant.
428 1590 598 1652 Habrotono
619 1591 711 1650 simile
733 1593 824 1652 odore
847 1591 1075 1654 leucanthemum

74 1685 128 1751 est,
145 1675 222 1735 ilore
237 1675 322 1750 albo,
343 1674 494 1735 foliosum.

137 1757 295 1838 11.(35.)
319 1757 490 1817 Amaracum
513 1757 635 1818 Diocles
664 1759 792 1818 medicus
821 1767 850 1818 et
878 1759 974 1820 Sicula
998 1778 1070 1837 gens
1082 1772 1116 1828 61

73 1844 263 1922 appellavere
289 1841 366 1921 quod
387 1839 540 1939 Aegyptus
565 1851 594 1902 et
620 1842 704 1917 Syria
721 1842 938 1942 sampsuchum.
970 1846 1077 1904 seritur

73 1937 197 2005 utroque
214 1943 336 2004 genere,
364 1935 393 1985 et
411 1925 520 1984 semine
539 1935 568 1986 et
582 1943 677 2002 ramo,
699 1927 827 1987 vivacius
842 1945 928 2006 supra
944 1925 1037 1988 dictis
1046 1938 1075 1988 et

34 2030 61 2071 ιο
72 2012 164 2073 odore
180 2009 305 2072 mollius.
331 2011 482 2088 copiosum
496 2026 628 2071 amaraco
643 2027 736 2089 aeque
751 2029 835 2090 quam
850 2000 1012 2072 habrotono
1028 2031 1073 2096 sc·

69 2115 153 2173 men,
184 2095 237 2160 sed
252 2092 413 2154 habrotono
429 2092 512 2153 radix
532 2111 587 2152 una
610 2102 640 2153 et
660 2094 718 2153 alte
737 2095 936 2172 descendens,
966 2099 1074 2158 ceteris

69 2181 100 2238 in
115 2197 223 2241 summa
248 2187 326 2238 terra
352 2175 456 2236 leviter
475 2176 608 2237 haerens.
644 2177 822 2256 reliquorum
844 2181 916 2238 satio
941 2189 1073 2240 autumno

69 2264 136 2324 lere
157 2263 316 2341 incipiente
332 2278 387 2344 nec
410 2278 467 2320 non
484 2269 513 2320 et
529 2278 600 2320 vere
617 2260 783 2338 quibusdam
798 2262 870 2321 locis
886 2278 960 2341 quae
976 2262 1074 2324 umbra

36 2333 198 2426 gaudent
215 2356 243 2406 et
260 2363 335 2425 aqua
353 2339 389 2405 ac
404 2344 480 2405 limo.

30 2445 57 2485 aa
136 2431 221 2510 (36.)
244 2429 445 2507 Nyctegreton
466 2429 538 2488 inter
553 2446 646 2507 pauca
668 2431 786 2488 miratus
810 2437 855 2488 est
874 2428 1068 2507 Democritus,
1081 2439 1116 2495 62

69 2514 182 2575 coloris
190 2515 329 2591 hysgini‚
358 2513 435 2574 dolio
463 2513 581 2591 spinae,
611 2531 666 2573 nec
687 2521 799 2573 aterna
824 2531 858 2574 se
880 2515 1072 2593 attollentem,

67 2599 259 2679 praecipuam
272 2600 300 2656 in
317 2596 457 2657 Gedrosia
472 2605 577 2658 narrat.
612 2597 673 2657 erui
690 2607 758 2675 post
773 2599 984 2675 aequinoctium
1006 2619 1072 2660 ver·

65 2701 136 2743 num
152 2681 312 2742 radicitus
303 2682 465 2758 siccarique
481 2680 516 2739 ad
532 2679 626 2740 lunam
638 2681 754 2757 triginta
770 2680 889 2757 diebus,
917 2686 954 2744 ita
972 2684 1072 2745 lucere

65 2765 216 2828 noctibus.
246 2763 348 2842 Magos
366 2763 594 2861 Parthorumque
615 2780 704 2840 reges
718 2764 773 2824 hac
787 2763 877 2824 herba
893 2767 932 2825 uti
948 2767 984 2826 ad
1004 2777 1105 2827 vota

27 2871 54 2910 ao
66 2848 267 2949 suscipienda.
300 2848 419 2907 eandem
437 2848 536 2907 vocari
555 2845 781 2923 chenamychem
804 2849 936 2926 quoniam
952 2867 1072 2910 anseres

65 2955 83 2996 a
111 2935 207 3013 primo
235 2941 395 3010 conspectu
421 2932 482 2992 eius
509 2938 727 3009 expavescantq
756 2930 791 2990 ab
817 2932 879 2992 aliis
903 2933 1087 3012 nyctalops,
1127 2933 1129 2936 ’

43 3054 46 3062 -
65 3020 207 3098 quoniam
223 3017 412 3093 elonginquo
427 3015 561 3075 noctibus
575 3014 696 3094 fulgeat.

137 3102 222 3180 (37.)
245 3098 394 3160 blelilotos
413 3097 518 3178 ubique
539 3100 681 3175 nascitur,
710 3097 903 3165 laudatissima
924 3109 1019 3161 tamen
1040 3101 1068 3160 in
1079 3110 1115 3166 63

62 3187 186 3261 Attica,
212 3183 384 3262 ubicumque
398 3199 471 3242 varo
486 3201 589 3244 recens
604 3199 659 3241 nec
674 3183 827 3243 candicans
838 3195 868 3245 et
883 3202 971 3246 croco
987 3201 1071 3264 quam

26 3295 52 3338 aa
63 3269 231 3343 simillima,
260 3284 429 3346 quamquam
444 3266 472 3325 in
487 3265 568 3326 ltalia
584 3265 731 3326 odoratior
747 3267 876 3328 candida.

136 3351 223 3432 (38.)
244 3350 360 3411 Illorum
376 3351 466 3428 prirna
479 3355 531 3408 ver
546 3351 731 3413 nuntiantium
747 3351 825 3428 viola
841 3352 915 3412 alba.
943 3351 1065 3430 tepidio·
1078 3360 1113 3416 64

61 3439 152 3499 ribus
167 3454 240 3497 vero
257 3435 330 3496 locis
346 3436 430 3495 etiam
446 3435 540 3494 hieme
557 3435 668 3495 emicat.
698 3442 800 3514 postea
818 3452 892 3513 quae
906 3438 954 3498 ion
968 3435 1068 3516 appel·
1160 3485 1165 3496 .

61 3524 148 3584 latur
164 3529 194 3581 et
215 3534 377 3599 purpurea,
409 3534 548 3596 proxume
570 3518 744 3595 flammeum,
776 3519 856 3664 quoq
864 3521 962 3666 pplcx
982 3538 1089 3581 voca·

1240 1277 1250 1322 l
