2534 3866
340 201 420 250 nur.
440 200 532 252 rursu.
550 200 621 250 xv1.
635 195 680 254 to.
697 188 849 268 (tt—to.)
1041 189 1081 254 ³9

91 354 190 433 gentis
203 355 283 416 annis
298 363 446 434 peractum
462 355 516 430 sit,
538 353 673 414 convenit
694 362 801 414 tectum
821 355 884 414 eius
908 373 975 418 esse
997 375 1080 418 ece·

91 439 182 499 drinis
197 437 337 498 trabibus.
363 439 400 499 de
416 438 568 499 simulacro
584 439 650 516 ipso
666 437 738 498 deae
755 436 915 513 ambigitur.
938 441 1028 500 ceteri
1043 459 1081 500 ex

91 521 207 582 hebeno
217 539 285 582 esse
301 519 579 597 tradunt‚bluoianus
592 530 638 582 ter
649 519 757 582 consul
772 538 809 580 ex
825 521 869 580 bis
881 522 929 599 qui
941 539 1080 600 proxume

90 607 155 665 viso
178 622 215 665 eo
231 606 378 683 scripsere
399 604 564 682 vitigineum
586 613 616 664 et
630 621 781 682 numquam
795 612 930 664 mutatum
950 607 1080 683 septiens

73 689 223 750 urcstituto
242 685 361 766 templo.
389 685 631 748 hanc'matertam
651 686 780 764 elegisse
799 685 952 763 botoron,
974 689 1058 748 etiam
1069 699 1121 754 214

15 829 16 838 ,
90 789 194 832 nomeu
217 772 336 832 artilicis
352 789 537 850 nuncupans,
560 771 637 850 quod
651 771 785 848 equidem
802 771 907 847 miror,
930 789 994 832 cum
1012 773 1080 834 anti·

15 879 16 900 ι
91 857 222 936 quiorem
236 853 364 916 blinerra
375 871 502 934 quoque,
517 871 574 938 non
587 854 673 917 modo
684 853 790 916 Libero
804 862 898 932 patre,
911 863 1081 924 vetustatem
1120 863 1123 868 '

91 941 118 1000 ei
136 938 280 1000 attribuat.
308 939 395 1000 adicit
410 936 704 999 multisioramiuibus
721 937 811 1000 nardo
828 937 934 1015 rigari,
947 946 978 998 ut
991 939 1080 1003 medi·

92 1031 172 1084 catus
185 1038 266 1081 umor
277 1021 335 1082 alat
345 1028 500 1101 teneatque
512 1022 666 1098 iuncturas,
677 1030 785 1099 guaset
796 1021 875 1099 ipsas
888 1039 955 1082 esse
964 1021 1080 1084 modico

62 1121 83 1164 m
91 1106 243 1168 admodum
259 1106 355 1166 miror.
388 1105 490 1166 valvas
511 1123 578 1165 esse
603 1121 620 1164 e
637 1122 777 1182 cupresso
799 1113 829 1164 et
850 1105 907 1166 iam
928 1105 1122 1184 quadris-215

90 1190 185 1268 gentis
205 1205 299 1268 prope
315 1189 395 1249 annis
416 1188 521 1249 durare
536 1190 684 1251 materiem
706 1205 818 1248 omnem
834 1205 928 1250 novae
948 1189 1078 1250 similem.

90 1274 116 1333 id
132 1290 251 1354 quoqne
266 1273 436 1349 anundum,
452 1272 553 1333 valvas
569 1272 598 1332 in
611 1272 728 1350 glutinis
741 1289 875 1352 conpage
892 1272 1080 1351 quadriennio

90 1358 193 1417 luisse.
223 1373 379 1435 cupressus
393 1357 422 1418 in
438 1373 490 1416 eas
504 1355 614 1432 electa,
629 1356 762 1435 quoniam
775 1363 892 1435 praeter
910 1365 1008 1416 cetere
1022 1373 1079 1416 uno

90 1443 115 1500 in
129 1457 242 1519 geuene
261 1441 398 1501 materiae
420 1440 495 1500 nitor
515 1457 647 1504 maxume
668 1438 766 1500 valeat
781 1448 927 1500 aeternus.
957 1439 1122 1508 Numerus
1250 1429 1253 1440 ⁴

63 1545 83 1584 u
93 1524 274 1584 simulacrum
287 1523 408 1584 Veionis
422 1525 451 1582 iu
465 1540 534 1583 arce
551 1541 570 1583 e
587 1539 728 1601 cupresso
744 1522 825 1583 durat
847 1539 864 1582 a
878 1524 993 1586 condita
1007 1523 1080 1585 urbe

90 1621 207 1670 ocum.
225 1624 298 1670 euno
310 1604 454 1668 dicatum?
479 1605 668 1667 Memorabile
683 1615 712 1664 et
722 1605 825 1666 Uticae
837 1606 974 1684 templum
988 1606 1079 1685 Apol-

90 1691 172 1766 linis,
188 1691 236 1750 ubi
251 1689 339 1751 cedro
354 1689 502 1752 Numidica
519 1688 618 1752 trabes
633 1688 752 1764 durant,
770 1689 807 1749 ita
821 1697 851 1747 ut
868 1690 981 1765 positae
997 1688 1080 1751 luere

90 1777 180 1856 prima
201 1774 279 1834 urbis
301 1775 363 1834 eius
386 1774 497 1850 origine
517 1774 598 1834 aunis
617 1783 821 1847 nctaxxvlrt,
843 1779 873 1831 ct
895 1772 924 1831 iu
944 1770 1079 1849 Hispania

13 1883 15 1946 5
91 1858 209 1937 Sagunti
226 1857 364 1936 templum
376 1855 485 1920 Dianae
500 1874 517 1917 a
530 1855 830 1932 transmarinum
845 1871 909 1917 cum
926 1853 1078 1915 conditori·

13 1948 15 1971 '
60 1942 143 2003 abus
164 1941 246 2002 annis
273 1941 403 2001 ducentis
432 1947 496 2000 aute
525 1939 666 2000 excidium
691 1937 811 2015 Troiae,
845 1947 876 1999 ut
903 1946 1003 2000 auctor
1018 1948 1079 2000 crat

89 2025 240 2101 Booebnn,
262 2057 305 2070 -
324 2023 397 2083 inira
421 2023 514 2102 ipsum
538 2022 673 2100 oppidum
691 2022 719 2083 id
744 2021 850 2084 babent
876 2023 922 2082 eni
946 2023 1081 2101 pepercit

89 2109 235 2186 religione
257 2108 389 2170 inductus
410 2104 549 2166 llanuibal
565 2135 618 2180 -ψ,
633 2105 747 2182 iunipiri
766 2105 895 2166 trabibus
917 2107 1077 2166 etiamnunc

90 2191 266 2254 durantibus.
299 2205 389 2268 super
409 2190 501 2249 omnia
522 2196 694 2249 memoratur
711 2186 790 2258 aedis
809 2186 917 2260 Aulide¹
930 2188 1119 2254 eiusdemult

91 2277 164 2338 deae
192 2274 319 2336 saeculis
341 2281 406 2334 ante
426 2272 577 2335 Troianum
596 2270 704 2332 bellum
727 2269 933 2344 exaedificata,
956 2287 1078 2347 quonam

61 2377 202 2438 agenore
222 2359 360 2418 materiae
381 2358 501 2417 scientia
519 2355 693 2416 oblitterata.
722 2355 751 2414 in
770 2353 886 2432 plenum
903 2351 959 2414 dici
981 2362 1078 2432 potest

89 2445 189 2524 utque
204 2459 280 2522 puae
297 2441 389 2502 odore
407 2440 586 2519 praecellant
604 2456 654 2502 cas
675 2447 706 2500 et
727 2437 897 2508 aeternitate
913 2445 1076 2515 praestare.
1110 2483 1117 2516 .-

89 2526 289 2606 Apraedictis
303 2541 401 2585 morus
418 2541 558 2602 proxume
574 2521 702 2584 laudatur
718 2540 791 2601 quae
807 2519 950 2582 vetustate
972 2522 1058 2582 etiam
1068 2528 1120 2584 218

90 2610 242 2688 nigrescit.
271 2607 309 2669 Et
323 2609 461 2686 quaedam
479 2615 574 2668 tamen
588 2604 692 2666 inullis
708 2605 882 2667 diuturniora
891 2613 966 2678 sunt,
977 2603 1078 2666 usibus

91 2711 176 2775 quam
199 2693 271 2754 alia:
301 2692 393 2760 ulmum
414 2693 443 2752 in
463 2689 584 2768 perflatu
605 2690 701 2762 firma,
719 2688 809 2749 robur
828 2688 977 2748 delossum
998 2697 1027 2750 et
1049 2690 1078 2748 iu

60 2795 83 2837 to
92 2779 175 2858 aquis
190 2775 438 2854 quercusobruta.
462 2772 562 2835 eadem
576 2789 661 2849 supra
673 2780 776 2832 terram
787 2771 892 2830 rimosa
904 2771 973 2834 lacit
984 2788 1077 2849 opera

91 2858 256 2939 torquendo
280 2874 372 2920 sese..
395 2857 469 2918 laria
489 2856 518 2915 iu
536 2869 636 2914 umore
655 2855 863 2933 praecipuaet
882 2853 963 2921 ulnus
984 2857 1075 2931 nigra.

91 2944 180 3005 robur
201 2944 308 3004 marina
329 2959 402 3019 apua
423 2937 622 3017 corrumpitur.
648 2955 705 2996 non
723 2935 888 3012 inprobatur
904 2945 939 2996 et·
952 2935 1035 3012 iagus
1050 2936 1078 2995 in

92 3045 166 3106 apua
182 3036 212 3087 et
225 3025 350 3104 ingiam,
364 3023 418 3084 bae
433 3023 546 3102 quidem
561 3021 589 3079 iu
602 3019 648 3080 bis
661 3037 734 3098 quaa
747 3019 929 3080 defodiuntur
940 3018 989 3079 vel
1002 3020 1076 3095 prin-

94 3111 216 3190 cipales,
232 3111 299 3170 item
314 3107 462 3184 iunipirus,
479 3105 579 3166 eadem
593 3111 622 3162 et
636 3102 813 3167 subdialibus
827 3100 1077 3180 epitrocasmos

63 3203 123 3254 oet
146 3211 247 3254 cerrus
269 3192 406 3252 celeriter
427 3195 615 3248 marcescunt.
658 3187 791 3248 aesculus
812 3202 927 3264 guoque
951 3186 1057 3245 umoris
1068 3192 1119 3250 219

94 3277 247 3356 inpatiens.
271 3283 368 3335 eontra
381 3272 517 3332 adacta-iu
529 3280 631 3330 terram
643 3267 855 3348 inpalustribus
869 3267 950 3328 alnus
961 3277 1078 3330 aeterua

95 3361 253 3438 onerisque
275 3356 442 3435 quantilibet
462 3356 583 3432 patiens.
613 3371 730 3414 cerasus
754 3353 848 3426 lirma,
873 3350 966 3414 ulmus
978 3361 1007 3412 et
1021 3351 1077 3412 lra-

94 3446 180 3504 1inus
194 3443 307 3516 lentae,
322 3439 373 3500 sed
389 3438 474 3502 iacilc
490 3437 661 3517 pandantur,
677 3435 789 3498 flexiles
804 3444 897 3496 mmeo
911 3443 1078 3513 stantesque
