2512 3858
282 207 556 256 summanum.
576 203 693 258 11-14.
714 197 865 276 (ar—25.)
1031 196 1069 257 13

55 359 138 422 'niri.
166 357 222 419 'Pix
236 368 351 437 optuma
365 359 471 438 ubique
490 378 526 420 ex
541 358 648 438 apricis
668 359 810 439 aquilonis
826 363 898 437 situ,
917 380 954 423 ex
969 365 1070 443 opacis

73 443 221 506 horridior
236 444 375 522 virusque
391 444 573 523 praeferens,
594 443 698 520 frigida
715 444 810 505 hieme
827 445 955 506 deterior
969 465 1005 508 uc
1019 450 1070 509 mi·

72 547 127 590 nus
139 528 259 605 copiosa
271 535 302 586 ct
313 527 443 591 decolor.
467 527 581 607 quidam
590 527 762 588 arbitrantur
773 529 801 586 in
813 532 969 590 montuosis
982 535 1065 612 copia
1078 542 1114 598 bo

72 612 317 692 praestantiorem
332 627 367 671 ac
386 612 486 670 colore
499 620 529 670 et
543 611 702 672 dulciorem
717 611 795 688 lieri,
818 612 939 673 odorem
955 631 1069 694 quoque

52 698 248 774 aquaticum,
267 695 332 756 dum
348 697 443 755 resina
458 697 511 770 sit,
528 694 679 756 decoctam
693 703 788 760 autem
804 697 896 756 minus
911 698 985 776 picis
1005 701 1070 760 red·

73 781 157 856 dere,
174 779 306 857 quonium
321 780 350 838 iu
364 795 461 839 serum
477 778 572 855 abest,
587 780 795 858 tenuioresque
812 798 879 840 csse
892 783 970 859 ipsas
986 781 1070 842 arbo·

72 881 122 923 rea
146 880 229 942 quam
249 862 278 920 in
298 862 408 940 planis,
436 862 489 922 sed
511 863 562 922 bas
582 872 612 923 et
629 863 694 923 illus
716 865 875 924 serenitate
897 864 1068 926 steriliores.

71 946 210 1008 Fructum
225 947 365 1024 quaedam
379 962 521 1026 proxumo
539 963 613 1006 anuo
635 946 672 1007 ab
690 947 783 1006 incisu
799 948 973 1025 largiuntur,
995 949 1070 1010 aliae

73 1028 216 1106 secundo,
236 1029 376 1108 quaedam
394 1031 491 1090 tertio.
524 1029 660 1108 expletur
674 1039 767 1091 autem
782 1031 869 1110 plaga
884 1032 996 1108 resina,
1013 1051 1071 1093 nou

43 1135 65 1176 su
74 1115 187 1175 cortice
203 1130 259 1174 uec
271 1115 418 1189 cicatrice,
432 1115 546 1192 quaein
558 1113 613 1174 bac
627 1114 797 1174 arboreuou
810 1115 877 1175 coit.
900 1118 981 1176 Inter
992 1116 1066 1178 baec
1078 1125 1110 1182 61

73 1217 185 1278 genera
197 1199 342 1276 propriam
352 1199 465 1276 quidam
477 1196 578 1258 iecere
592 1199 751 1277 sappinum,
763 1201 896 1278 quoniam
911 1216 948 1260 ex
963 1218 1069 1278 cugura-

73 1287 152 1342 tione
175 1281 274 1342 barum
297 1284 402 1341 seritur
423 1281 515 1362 qualis
537 1281 613 1342 dicta
629 1291 674 1342 est
696 1284 724 1344 iu
748 1283 877 1360 nucleis,
902 1285 1043 1344 eiusdem·
1056 1279 1109 1345 aas

73 1384 129 1444 qne
146 1364 259 1426 arboris
274 1366 345 1426 imas
361 1364 570 1444 partistaedaa
586 1373 707 1443 vocant,
732 1385 794 1427 curu
814 1369 851 1427 sit
866 1368 915 1429 illa
927 1367 1014 1428 arbor
1029 1370 1068 1429 nil

73 1449 151 1510 aliud
168 1466 254 1528 quam
270 1449 354 1528 picea
373 1448 494 1509 feritatis
506 1449 620 1527 paulum
631 1451 777 1528 mitigatae
791 1461 862 1512 satu.
888 1454 1000 1532 sappini
1020 1471 1067 1513 au·

45 1542 129 1594 utem
146 1533 283 1594 materies
299 1550 447 1594 caesarum
463 1551 480 1592 e
497 1551 607 1610 genere
625 1534 666 1610 lit,
683 1535 767 1594 sicuti
784 1535 962 1600 docebimus.
1079 1557 1112 1593 us

139 1617 191 1678 13.
217 1617 299 1696 (24.)
322 1615 459 1677 Materiae
476 1618 550 1676 eninr
571 1633 658 1677 causa
673 1618 802 1696 reliquas
824 1618 945 1680 arbores
967 1628 1111 1686 maturata

72 1703 174 1781 genuit
196 1702 483 1778 copiosissimamque
505 1700 655 1761 fraxinum.
685 1699 812 1760 Procera
834 1701 907 1760 haec
924 1719 958 1760 ac
977 1712 1068 1776 teres,

73 1789 189 1865 pinnata
202 1793 232 1844 ct
246 1785 309 1862 ipsa
322 1784 404 1860 lolio,
417 1786 592 1864 multumque
604 1783 721 1844 Homeri
734 1786 891 1862 praeconio
908 1793 937 1843 et
947 1784 1069 1846 Achillis

72 1867 323 1932 basta'uobilitata.
340 1871 474 1930 materies
483 1877 528 1928 est
541 1869 575 1929 ad
588 1869 717 1949 pluruma
726 1867 811 1928 utilis.
825 1866 980 1946 eaquidem
992 1887 1068 1948 quaa

43 1955 103 2014 sulit
125 1957 155 2014 in
175 1952 225 2014 lda
244 1951 366 2012 Troadis
386 1953 416 2010 in
436 1961 542 2010 tantum
563 1953 652 2012 cedro
674 1952 773 2012 similis
796 1962 826 2013 ut
848 1954 968 2032 ementis
986 1953 1068 2015 lallat

73 2039 186 2098 cortice
202 2035 311 2098 ablato.
335 2034 440 2095 Graeci
453 2034 509 2094 duo
523 2052 633 2112 genera
651 2037 713 2096 eius
725 2036 841 2096 iecere:
866 2037 981 2114 longam
997 2056 1065 2098 eno·
1076 2046 1111 2102 63

73 2122 149 2197 dem,
168 2121 289 2182 alteram
304 2120 423 2179 brevem
440 2118 583 2180 duriorem
601 2119 832 2198 laesionemque,
855 2120 962 2180 laureis
977 2121 1064 2183 loliis.

72 2204 227 2266 bumeliam
246 2209 352 2268 vocant
369 2204 397 2262 in
410 2201 579 2263 Macedonia
595 2202 796 2281 amplissimam
811 2203 1064 2282 lentissimamque.

73 2290 119 2349 alii
136 2290 192 2350 situ
208 2288 349 2363 divisere,
367 2295 556 2365 campestrem
571 2287 644 2344 enim
667 2295 734 2346 esse
750 2287 889 2364 crispam,
907 2294 1067 2348 montanam

44 2387 65 2427 u
74 2375 207 2451 spissam.
225 2371 309 2432 Folia
325 2389 421 2432 earum
435 2371 567 2430 iumentis
580 2369 738 2447 mortifera,
752 2370 858 2430 ceteris
871 2369 1109 2436 ruminantiumaa

72 2458 196 2517 innocua
208 2454 312 2515 Graeci
324 2454 489 2535 prodidere.
515 2456 544 2513 in
554 2451 635 2515 ltalia
647 2472 703 2515 nec
713 2455 844 2514 iumentis
856 2461 971 2513 nocent.
999 2469 1066 2514 con·

71 2547 114 2600 tra
129 2540 281 2618 serpentis
297 2556 369 2599 vero
383 2555 455 2598 suco
471 2551 614 2617 expresso
631 2540 666 2601 ad
681 2548 778 2616 potum
794 2547 824 2598 et
838 2538 961 2617 inposita
975 2537 1067 2599 ulceri

73 2625 188 2703 opifera
201 2640 236 2682 ac
248 2621 316 2682 nibil
329 2640 421 2702 aeque
433 2623 624 2699 reperiuntur.
646 2630 781 2702 tantaque
797 2631 842 2681 eat
856 2623 900 2682 vis
916 2631 945 2683 ut
961 2641 997 2682 ne
1009 2641 1066 2683 ma·
1131 2689 1133 2696 ,

72 2709 179 2768 tutinus
203 2705 315 2785 quidem
339 2705 680 2780 occidentisreumbras,
704 2722 766 2765 cum
789 2713 853 2764 sunt
869 2705 1065 2782 longissimae,

42 2802 202 2872 toserpens
216 2785 328 2850 arboris
348 2791 408 2850 eius
424 2788 558 2865 attingat,
574 2788 647 2848 adeo
661 2789 750 2865 ipsam
766 2789 867 2866 procul
889 2789 989 2865 fugiat.
1015 2809 1065 2850 ex·

73 2875 150 2952 perti
166 2874 326 2954 prodimus,
342 2875 366 2934 ai
381 2872 483 2933 froude
499 2889 533 2931 ea
549 2887 680 2949 gyroque
699 2870 828 2931 cludatur
840 2872 915 2948 ignis
930 2890 1065 2951 serpens,

73 2961 103 3018 in
119 2960 195 3037 ignis
209 2959 306 3036 potius
322 2973 405 3036 quam
420 2958 448 3015 in
462 2955 602 3015 fraxinum
616 2954 719 3032 lugere
735 2963 910 3033 serpentem.
933 2956 1002 3016 mira
1018 2973 1065 3014 ua·

73 3051 158 3104 turus
180 3041 343 3118 benignitas
359 3041 437 3118 prius
458 3055 541 3118 quum
562 3035 617 3096 bae
636 3036 778 3116 prodeant
802 3038 909 3099 llorere
926 3038 1066 3099 fraxinum

73 3143 132 3186 uec
146 3134 213 3186 aute
233 3125 361 3185 conditas
379 3122 448 3183 lolia
465 3123 616 3183 dimittere.

44 3221 66 3262 aa
141 3211 191 3270 14.
215 3208 300 3286 (25.)
322 3205 354 3268 ln
377 3206 438 3267 tilia
456 3223 516 3265 mas
538 3213 568 3265 et
586 3203 689 3266 lemica
711 3204 844 3266 differunt
863 3195 938 3263 omni
965 3205 1061 3280 modo.
1074 3217 1107 3272 65

74 3311 200 3372 namque
213 3302 242 3352 et
258 3291 393 3350 materies
410 3289 480 3347 mari
497 3289 565 3347 dura
580 3287 727 3366 ruborque
744 3303 778 3348 uc
792 3287 901 3348 nodosa
917 3295 947 3346 et
962 3289 1064 3350 o'dora·

74 3377 145 3454 tior,
162 3384 265 3436 cortex
278 3391 393 3452 quoque
406 3372 531 3433 crassior
543 3389 578 3432 ac
591 3370 920 3435 detractusinllexibilis.
951 3389 1005 3432 uec
1020 3391 1065 3433 se-

75 3477 143 3522 men
160 3452 217 3528 ie'rt
234 3468 291 3521 aut
298 3457 397 3520 florem
412 3466 440 3518 ut
454 3455 568 3535 lemiua,
585 3473 659 3536 quae
675 3455 801 3517 crassior
816 3453 930 3532 arbore,
946 3459 1064 3517 materia
