2534 3866
297 71 306 102 l

350 214 430 262 aar.
446 215 536 264 aren.
552 215 623 267 xvr.
639 213 757 268 ss-to.
773 205 847 286 (to.)
1036 209 1077 274 37

89 366 311 426 aestimantibus.
332 365 538 430 Fuitmernoria
551 380 649 430 nostra
663 380 692 430 et
698 368 726 430 in
740 372 897 451 porticibus
913 385 1059 455 septorum
1066 384 1115 442 tol

89 469 106 510 a
121 448 161 510 bt.
178 447 307 530 Agrippa
327 451 428 512 relicta
447 471 541 532 aeque
558 455 686 514 miraculi
703 472 804 530 causa,
827 472 900 534 quae
915 459 1075 520 diribitorio
1164 522 1167 534 ,

87 533 288 611 superfuerat,
304 548 352 596 xx
367 535 490 613 pedibus
502 536 636 614 brevior,
660 538 856 617 sesquipedali
878 542 1072 604 crassitudine.

87 616 179 676 Abies
204 617 397 678 admirationis
422 621 599 698 praecipuae
625 622 687 681 visa
714 631 758 681 est
785 624 813 681 in
838 641 912 683 nave
940 641 1014 702 qnae
1038 645 1075 686 ex

65 723 75 761 a
89 701 226 780 Aegypto
243 699 294 760 Gai
308 703 445 781 principis
455 705 535 764 iussn
550 696 708 764 ob'eliscum
723 707 751 765 in
765 706 904 766 Vaticano
921 709 999 766 circo
1018 719 1073 769 sta·

86 793 176 844 tutum
197 793 388 864 quattuorque
412 795 529 858 truncos
549 788 655 866 lapidis
676 789 804 851 eiusdem
823 790 858 849 ad
881 790 1075 852 sustinendum

10 875 12 880 '
86 885 151 928 eum
175 867 306 943 adduxit,
333 887 409 946 quae
432 888 505 930 nave
529 873 597 932 nibil
627 872 820 933 admirabilius
841 875 932 933 visum
955 875 982 933 in
1003 875 1073 935 mari

86 960 196 1014 eertum
223 961 275 1010 est.
306 954 378 1020 ‹Tx‘x
402 955 562 1014 modiorum
585 955 670 1015 lentis
698 973 751 1034 pro
769 956 899 1016 'saburra
927 959 955 1016 ei
980 958 1072 1018 inere.

10 1035 12 1094 Ῑ
83 1035 247 1112 Longitudo
262 1039 383 1114 spatium
397 1039 519 1116 optinuit
528 1054 630 1115 magna
647 1055 683 1098 ex
695 1048 778 1118 parte
795 1038 935 1099 Ostiensis
952 1049 1052 1119 portus
1064 1051 1116 1105 tot

10 1139 12 1190 f
55 1120 180 1180 rolatere
195 1118 290 1179 laevo.
311 1120 350 1180 ibi
361 1137 482 1200 namque
494 1122 625 1182 demersa
642 1131 686 1181 est
700 1121 849 1182 aclaudio
863 1125 1074 1204 principecum
1108 1122 1112 1131 ’

84 1202 177 1262 tribus
196 1203 323 1263 molibus
342 1206 460 1266 turrium
481 1204 628 1266 altitudine
650 1206 679 1264 in
699 1223 734 1266 ea
761 1207 956 1268 exaedificatis
979 1207 1074 1268 obiter

84 1285 245 1346 Puteolano
260 1287 382 1365 pulvere
397 1288 595 1368 advectisque.
619 1289 731 1349 arboris
744 1289 804 1349 eius
818 1289 977 1353 crassitudo
993 1301 1072 1369 quat·

84 1380 149 1429 tuor
157 1369 299 1430 bominum
310 1371 393 1431 ulnas
405 1371 647 1451 conplectentium
657 1369 795 1452 inplebat,
803 1373 951 1453 volgoque
962 1375 1074 1435 auditur

84 1455 234 1530 octoginta
255 1469 394 1514 nummum
416 1464 445 1515 et
467 1455 557 1534 pluris
572 1457 663 1517 malos
676 1458 840 1517 venumdari
861 1458 896 1518 ad
918 1473 970 1517 eos
993 1475 1071 1534 usus,

56 1537 153 1596 roratis
169 1553 241 1596 vero
258 1540 372 1598 conecti
388 1539 574 1618 quadraginta
596 1537 759 1600 sestertium
777 1539 890 1599 milibus
906 1541 1071 1620 pleraeque.

12 1671 18 1678 .
83 1620 122 1681 At
137 1621 164 1680 in
179 1620 316 1700 Aegypto
332 1623 461 1697 acSyria
475 1641 563 1700 reges
578 1619 673 1700 inopia
684 1621 786 1681 abietis
799 1623 887 1682 cadro
899 1623 935 1684 ad
950 1624 1050 1684 classis
1061 1633 1114 1688 203

83 1705 215 1784 feruntur
231 1705 282 1764 usi.
313 1723 442 1766 maxuma
459 1723 494 1766 ea
506 1707 534 1766 in
550 1704 647 1785 Gypro
665 1705 793 1782 traditur,
811 1705 846 1764 ad
861 1704 1072 1786 undeciremem

82 1787 224 1848 Demetrii
240 1790 368 1864 succisa,
391 1797 503 1848 centum
523 1791 636 1866 triginta
651 1788 772 1867 pedum,
790 1788 983 1848 crassitudinis
1001 1805 1073 1848 vero

83 1871 119 1932 ad
135 1873 219 1931 trium
230 1871 373 1931 hominnm
385 1871 567 1949 conplexum.
594 1871 760 1932 Germaniae
773 1871 936 1950 praedones
953 1871 1073 1948 singulis

10 1949 12 1980 ³
51 1971 75 2012 ro
84 1954 238 2016 arboribus
254 1957 362 2015 cavatis
377 1957 527 2031 navigant,
551 1973 668 2033 quarum
684 1955 867 2034 quaedamst
890 1956 1004 2032 triginta
1021 1954 1072 2014 bo-

83 2042 176 2099 mines
184 2037 287 2116 ierunt.
310 2039 350 2118 [3]
364 2039 544 2116 spississima
558 2057 594 2097 ex
606 2041 680 2098 omni
690 2040 819 2114 materie,
830 2038 896 2099 ideo
907 2048 935 2098 et
946 2040 1115 2116 gravis-204

83 2124 155 2182 sima
168 2121 310 2182 iudicatur
328 2121 457 2181 hebenus
474 2129 502 2180 et
522 2121 631 2198 buxus,
647 2120 773 2198 graciles
791 2131 898 2180 natura.
927 2130 1027 2181 neutra
1044 2121 1071 2180 in

84 2207 167 2286 aquis
189 2204 295 2281 fluitat,
315 2222 371 2264 nec
393 2203 495 2279 suber,
519 2206 544 2263 si
559 2205 688 2264 dematur
707 2212 824 2279 cortex,
846 2219 901 2262 nec
921 2204 1003 2264 larin⁴
1034 2221 1072 2263 ex

84 2289 207 2367 reliquis
234 2289 393 2350 siccissima
414 2288 490 2348 lotos
510 2305 588 2365 quae·
604 2286 713 2346 Romae
740 2289 779 2346 ita
804 2285 982 2365 appellatur,
1007 2284 1073 2344 dein

52 2373 174 2433 urobur
189 2371 413 2432 exalburnatum.
443 2380 473 2431 et
487 2371 553 2430 bule
567 2371 711 2447 nigricans
727 2370 809 2430 color
820 2369 969 2448 magisque
988 2368 1072 2428 etiam

85 2458 191 2532 cytiso,
210 2473 284 2534 quae
298 2473 438 2534 proxume
453 2455 598 2515 accedere
615 2453 755 2514 hebenum
769 2454 891 2528 videtur,
904 2469 1073 2530 quamquam

83 2557 142 2600 non
171 2540 275 2600 desunt
305 2540 353 2616 qai
379 2539 524 2614 Syriacas
538 2537 715 2600 terebintbos
742 2537 884 2613 nigriores
914 2536 1070 2596 adfirment.

84 2621 260 2683 celebratur
275 2631 304 2680 et
316 2621 465 2682 Thericlcs
477 2621 589 2680 nomine
601 2619 709 2679 calices
724 2637 760 2678 ex
775 2619 936 2678 terebintho
954 2618 1114 2682 solitusaos
1159 2615 1163 2628 '

82 2707 196 2766 iacere.
220 2713 303 2764 torno
315 2721 453 2782 perquam
470 2701 607 2781 probatur
620 2703 762 2761 materies.
787 2704 908 2762 omnium
921 2701 994 2761 baec
1009 2702 1072 2761 sola

48 2790 176 2866 soungni
186 2787 259 2860 volt,
267 2788 425 2864 meliorque
440 2786 471 2845 lit
482 2783 558 2843 oleo.
582 2785 663 2845 colos
673 2784 742 2842 mire
755 2785 928 2844 adulteratur
938 2783 1073 2860 iuglande
1150 2845 1154 2861 Ι

82 2891 120 2932 ac
137 2873 203 2950 piro
219 2869 346 2928 silvestri
361 2870 455 2929 tinctis
471 2875 557 2944 atque
572 2867 600 2925 in
613 2867 799 2928 medicamine
813 2868 954 2928 decoctis.
984 2867 1072 2926 omni·

82 2955 140 3015 bus
156 2969 231 3032 quae
240 2951 361 3011 diximus
372 2953 467 3031 spissa
477 2949 603 3009 firmitas.
624 2950 669 3010 Ab
681 2950 724 3009 bis
736 2966 873 3027 proxuma
883 2958 927 3009 est
936 2964 1051 3024 cornus,
1062 2958 1114 3012 206

25 3105 30 3114 ,
84 3051 259 3117 quamquam
273 3051 331 3095 non
344 3043 442 3113 potest
455 3033 545 3093 videri
556 3035 690 3092 materies
704 3042 824 3111 propter
839 3032 1004 3107 exilitatem,
1021 3031 1073 3091 sed

83 3123 196 3198 lignum
211 3134 268 3177 non
285 3118 341 3178 alin
364 3135 457 3197 paene
479 3133 562 3194 quam
582 3115 617 3175 ad
634 3116 730 3178 radios
749 3125 875 3178 rotarum
893 3115 960 3174 utile
980 3113 1074 3184 ant-si

48 3203 157 3282 sequid
179 3201 355 3262 cuneandum
375 3203 411 3260 sit
435 3201 468 3258 ia
481 3199 559 3275 ligno
579 3199 705 3258 clavisve
720 3200 861 3277 ligandum
883 3217 937 3260 ceu
957 3198 1071 3258 terreis.
1109 3189 1112 3202 '

82 3289 148 3349 ilex
167 3286 235 3345 item
252 3293 281 3344 et
296 3283 423 3344 oleaster
439 3292 468 3344 et
482 3283 548 3342 olea
562 3292 647 3362 atque
663 3293 805 3361 castanea,
823 3284 965 3361 carpinus,
981 3298 1073 3360 popu·

83 3373 152 3432 lust
184 3369 259 3428 baec
280 3375 310 3426 et
330 3368 424 3445 crispa
444 3366 539 3427 aceris
556 3367 656 3440 modo,
683 3367 706 3424 si
718 3368 788 3427 'ulla
813 3367 948 3426 materies
968 3364 1072 3424 idonea

83 3461 172 3515 esset
194 3451 281 3512 ramis
308 3467 397 3530 saepe
419 3449 571 3531 deputatis.
613 3451 747 3510 castratio
771 3449 821 3511 illa
851 3457 895 3510 est
920 3448 1072 3528 adimitque
