2534 3866
180 190 242 250 ’114
503 200 533 248 e.
550 201 809 272 epipiscopum
892 156 901 286 κ’

180 355 213 416 ln
229 353 330 414 eadem
351 356 507 434 peculiaris
530 356 652 432 religio,
676 372 795 432 namque
818 354 912 414 labam
931 355 1030 433 utique
1051 373 1067 413 e
1086 354 1173 433 frugi·

159 447 164 451 ’
181 439 235 499 bus
251 437 364 498 reierre
378 455 441 499 mos
457 448 502 499 est
517 439 628 516 auspici
646 455 741 514 causa,
762 455 834 516 quae
849 437 915 498 ideo
931 437 1060 498 referiva
1075 441 1173 517 appel·

181 523 263 584 latur.
300 531 329 582 et
352 523 532 583 auctionibus
553 519 691 580 adhibere
706 519 776 581 'eam
801 521 947 583 lucrosum
968 530 1075 602 putant.
1112 523 1173 582 sola

183 615 263 667 certe
288 606 402 684 frugum
426 609 510 666 etlam
536 623 626 664 exesa
651 605 782 682 repletur
804 615 958 666 crescente
985 606 1060 668 luna.
1101 624 1173 684 aqua

139 703 191 756 120
200 691 306 751 marina
316 691 418 751 aliave
433 691 511 750 salsa
525 705 582 747 non
603 690 800 767 percoquitur.
828 690 939 756 Seritur
959 698 1024 748 ante
1038 691 1198 766 vergilia-e

181 793 242 836 rum
257 793 393 836 occasum
411 773 583 849 leguminum
598 771 698 850 prima,
721 781 751 831 ut
768 772 1068 832 antecedathiemem.
1101 773 1173 832 Ver·

181 861 266 938 gilius
284 877 346 918 eam
362 875 416 936 per
430 875 483 915 ver
497 857 556 916 seri
571 855 651 914 iubet
666 855 903 933 circumpadanae
920 853 1021 916 ltaliae
1036 847 1103 934 ritu,
1122 857 1174 917 sed

180 945 270 1003 maior
285 958 352 1019 pers
366 940 473 999 malunt
487 939 593 1000 labalia
615 947 741 999 maturae
757 941 875 999 sationis
890 941 980 1017 'quam
1003 941 1174 1001 trimestrem

180 1028 311 1088 fructum.
340 1025 402 1082 eius
418 1040 539 1102 namque
556 1022 678 1101 siliquae
694 1023 851 1100 caulesque
867 1023 1030 1099 gratissimo
1045 1033 1110 1086 sunt
1126 1041 1174 1101 pa·

180 1110 249 1169 bulo
264 1107 375 1186 pecori.
406 1106 506 1184 Aquas
521 1109 550 1166 in
566 1107 639 1166 llere
656 1125 787 1166 maxume
803 1108 999 1185 concupiscit,
1023 1125 1086 1166 eum
1101 1124 1172 1168 vero
1184 1121 1207 1162 io

181 1191 327 1265 delioruit,
353 1191 472 1266 exiguas
494 1191 649 1250 desiderat.
686 1191 779 1250 solum
805 1192 833 1248 iu
856 1207 912 1267 quo
940 1199 1002 1250 sata
1021 1199 1067 1250 est
1092 1192 1173 1251 lacti-

181 1277 247 1334 ilcat
262 1275 400 1333 stercoris
417 1274 491 1333 viee.
523 1275 589 1334 ideo
615 1274 693 1334 cirea
711 1272 909 1334 Macedoniam
924 1273 1172 1353 Thessaliamque,

140 1369 187 1423 121
201 1376 264 1418 cum
288 1358 394 1417 llorere
420 1359 533 1436 coepit,
552 1353 766 1416 uertunt'arva.
803 1355 938 1418 Nascitur
958 1365 987 1416 et
1001 1375 1053 1422 sua
1068 1367 1173 1437 sponte

180 1442 329 1520 pictisque
343 1443 372 1500 in
382 1441 477 1520 iocis,
500 1442 574 1500 sicut
593 1440 827 1519 septentrionalis
842 1441 944 1502 oceani
959 1441 1076 1518 insulis,
1102 1460 1172 1520 quas

181 1526 218 1586 ob
234 1525 263 1586 id
278 1528 368 1585 nostri
382 1524 520 1585 Fabarias
535 1524 694 1604 appellent,
712 1525 780 1584 item
795 1524 823 1582 in
839 1524 1013 1586 Mauretania
1028 1527 1172 1586 silvestris
1183 1538 1206 1579 1⁵

179 1611 303 1690 passim,
326 1610 378 1669 sed
393 1607 536 1689 praedura
551 1617 679 1686 atquae
697 1611 839 1686 percoqui
859 1627 917 1671 non
940 1610 1041 1687 possit.
1079 1611 1171 1670 nasei*

181 1705 225 1754 tur
240 1695 269 1752 in
282 1694 418 1772 Aegypto
434 1694 552 1771 spinoso
569 1691 669 1766 caule,
693 1691 800 1769 quade
817 1711 902 1754 causa
923 1693 1063 1753 crocodili
1079 1693 1171 1753 oculis

138 1791 189 1842 122
200 1779 332 1839 timentes
357 1777 509 1853 reluginnt.
555 1775 704 1852 longitudo
735 1793 824 1854 scapo
851 1785 985 1855 quattuor
1011 1777 1172 1837 cubitorum

181 1860 431 1937 estamplissima,
453 1857 612 1918 crassitudo
630 1857 725 1937 dipiit‘,
747 1861 775 1919 in
792 1867 898 1934 totum,
922 1861 951 1918 ni
972 1860 1106 1936 genicula
1121 1859 1170 1920 ab·

182 1953 295 2018 essent,
315 1942 394 2001 molli
411 1942 520 2001 calamo
534 1941 650 2018 similis,
674 1952 759 2021 caput
774 1943 930 2020 papaveri,
954 1943 1170 2020 colore'roseo,
1181 1961 1208 2002 ao

181 2029 209 2085 in
232 2043 268 2086 eo
289 2025 374 2085 iabae
397 2043 453 2084 non
478 2043 563 2103 supra
589 2027 730 2102 tricenas,
751 2025 821 2085 lolia
848 2027 957 2105 ampla,
981 2027 1171 2105 iructusipse

182 2127 291 2170 amarus
307 2117 336 2168 et
353 2108 462 2188 odore,
482 2110 534 2169 sed
554 2109 636 2168 radix
655 2125 792 2188 perquam
811 2109 888 2170 lauta
914 2111 1072 2170 incolarum
1088 2110 1170 2186 cibis,

182 2193 269 2254 cruda
298 2203 327 2253 et
355 2194 429 2252 omni
450 2193 535 2252 modo
564 2201 665 2268 cocta,
693 2191 877 2252 harundinum
901 2193 1044 2254 radicibus
1060 2195 1169 2253 similis.

181 2279 306 2337 nascitur
338 2286 367 2336 et
392 2277 421 2335 in
446 2277 529 2350 Syria
554 2273 712 2353 Ciliciaque
743 2284 772 2334 ct
803 2278 831 2335 iu
860 2277 994 2336 Toronae
1026 2276 1171 2340 Chalcidis

182 2362 255 2421 lacu.
1180 2377 1209 2418 25

140 2453 191 2507 123
262 2443 344 2523 (31.)
366 2441 411 2502 Ex
427 2440 615 2518 leguminibus
637 2449 767 2501 autumno
782 2461 891 2504 vereve
908 2454 1040 2506 seruntur
1060 2447 1171 2506 lenset

182 2528 209 2585 iu
224 2522 343 2586 Graecia
358 2526 458 2604 pisum.
493 2524 567 2584 bens
588 2533 662 2584 amat
677 2525 769 2586 solum
789 2535 875 2587 tenue
895 2531 986 2606 magis
1001 2547 1086 2609 quam
1109 2530 1169 2607 pin·

87 2647 92 2660 .
181 2627 254 2686 gne,
278 2609 387 2668 caelum
404 2609 502 2686 utique
524 2609 641 2668 siccum.
671 2608 728 2667 duo
749 2628 856 2686 genera
877 2614 937 2671 eius
952 2612 1105 2690 Aegypto,
1128 2613 1171 2672 ai·

182 2702 272 2752 terum
289 2693 436 2752 rotundius
451 2693 632 2770 nigriusque,
658 2692 777 2753 aiterum
795 2688 845 2754 sua
867 2695 974 2772 ligura,
996 2696 1169 2756 undenario

181 2793 233 2834 usu
249 2776 414 2836 translatum
431 2785 476 2834 est
492 2777 520 2835 in
534 2775 685 2836 lenticulas
700 2794 812 2837 nomen.
843 2778 958 2838 invenio
976 2780 1051 2858 apud
1070 2789 1168 2838 aucto·
1180 2790 1208 2832 ³⁰

70 2859 74 2898 ἶ
180 2874 228 2917 res
251 2859 495 2937 aequanimitatem
519 2859 581 2918 fieri
606 2860 789 2919 vescentibus
817 2877 860 2920 ea.
891 2861 986 2923 Pisum
1007 2865 1036 2922 in
1061 2864 1169 2941 apricis

182 2944 239 3002 seri
255 2942 342 3003 debet
367 2942 505 3017 frigorum
531 2943 802 3019 inpatientissimum.
843 2945 910 3006 ideo
937 2946 1066 3007 initalia
1089 2949 1169 3008 etin

182 3029 341 3086 austeriore
358 3026 440 3086 caelo
457 3043 513 3085 non
527 3027 582 3084 uisi
594 3043 684 3086 veruo
700 3036 831 3104 tempore
846 3038 922 3088 terra
937 3028 1026 3106 facili,
1047 3030 1151 3090 soluta.

73 3135 75 3141 ¹
137 3119 190 3172 rat
265 3111 347 3188 (32.)
371 3107 480 3169 Ciceris
495 3119 592 3170 natura
608 3115 653 3169 est
666 3111 744 3186 gigni
760 3129 823 3170 cum
837 3111 1013 3189 salsilagine,
1033 3114 1099 3175 ideo
1119 3131 1167 3173 so·

181 3193 237 3251 ium
254 3196 309 3253 urit
323 3211 377 3252 nec
391 3194 444 3252 nisi
463 3192 651 3253 madefactum
666 3194 759 3270 pridie
781 3197 839 3254 seri
860 3194 955 3256 debet.
987 3189 1207 3258 differentiae'ee

182 3276 295 3353 plures,
319 3275 528 3353 magnitudine,
559 3275 669 3352 figura,
707 3278 825 3353 colore,
859 3296 975 3357 sapore.
1018 3289 1063 3341 est
1092 3282 1169 3342 enim

181 3360 299 3419 arietino
317 3361 401 3438 capiti
418 3359 525 3436 simile,
545 3360 620 3418 unde
638 3360 676 3418 ita
693 3361 853 3440 appellant,
877 3363 972 3423 album
985 3365 1167 3444 nigrumque,

181 3444 226 3502 e'st
242 3451 270 3502 et
286 3443 475 3504 columbinum
494 3444 570 3522 quod
585 3441 633 3502 aiii
647 3441 801 3504 Venerium
818 3447 979 3524 appeliant,
1004 3448 1166 3524 candidum,
