2538 3864
190 199 250 262 242
289 244 294 247 .
536 203 566 250 o
582 201 677 249 rnmr
694 158 844 253 sncnomr

190 364 316 426 sertulae
333 359 409 440 quod
425 356 608 435 occupavit.
618 356 691 416 odor
707 366 751 417 est
766 373 854 417 croco
870 355 982 416 vicinus
1000 365 1027 416 et
1041 355 1127 432 ilos,i
1118 374 1176 436 ipsa
1249 373 1250 436 g

146 468 271 599 5.cana
305 447 402 526 placet
415 458 545 500 maxume
561 439 639 500 foliis
654 440 833 501 brevissimis
850 449 938 540 atque
953 441 1149 520 pinguissimis.
1249 491 1250 502 ,

164 529 339 611 4..(30)
360 523 441 585 Folio
458 533 577 584 coronat
590 533 618 582 et
634 524 782 585 trifolium.
807 526 861 585 tria
877 526 939 585 eius
954 541 1076 603 genera:
1095 525 1175 600 miny-

146 544 290 679 54anthes
315 616 419 670 vocant
446 607 566 683 Graeci,
593 607 641 667 alii
670 609 849 688 asphalticn,
876 610 985 669 maiore
1006 609 1092 684 lolio,
1124 625 1176 686 quo

189 709 301 762 utuntur
327 692 486 767 coronarii,
511 691 632 751 aiterum
650 701 733 752 acuto
759 693 986 773 oxytriphyllon.
1017 693 1128 753 tertium
1142 710 1196 752 err

190 780 317 846 omnibns
337 777 561 837 minutissimum.
594 777 669 835 inter
688 777 761 836 haec
776 779 893 837 nervosi
912 778 1047 840 cauliculi
1070 775 1177 855 quibus·

147 883 180 935 55
193 870 264 939 dam,
286 869 316 920 nt
331 860 475 936 maratho,
504 861 734 938 hippomaratho,
752 861 928 940 myophono.
959 861 1079 921 Utuntur
1095 869 1122 919 et
1138 859 1179 918 fe·
1247 909 1248 914 ,

188 951 257 1012 ruiis
283 954 312 1003 et
340 905 487 1019 corymbis
510 945 638 1004 hederae
664 944 737 1005 dore
763 962 909 1024 purpureo
939 954 968 1005 et
993 945 1051 1006 aiio
1075 959 1180 1022 genere

190 1046 284 1094 earum
302 1028 484 1087 silvestribus
499 1029 574 1087 rosis
590 1028 684 1089 simili.
720 1029 795 1090 sed
786 1048 814 1089 ιιι
829 1029 873 1089 his
889 1046 1021 1109 quoquc
1028 1027 1109 1087 colos
1123 1036 1180 1086 tan·

187 1128 243 1178 tum
259 1111 395 1190 delectat,
411 1112 484 1183 odor
500 1101 595 1172 aut¹em
610 1111 703 1172 abest
734 1112 771 1174 Et
788 1115 887 1174 cneori
903 1114 959 1174 duo
975 1131 1095 1191 genera,
1110 1111 1209 1188 nigrim

188 1208 271 1275 atque
290 1193 411 1258 candidi.
442 1196 499 1255 hoc
516 1205 555 1256 et
561 1195 728 1270 odoratum,
749 1214 864 1257 ramosa
878 1197 971 1258 ambo.
999 1197 1104 1257 dorent
1118 1203 1183 1273 post

187 1275 397 1357 aequinoctium
421 1286 591 1338 autumnum.
625 1281 672 1340 10.
694 1277 826 1340 Totidem
839 1289 868 1338 et
888 1281 1000 1356 origani
1014 1281 1042 1337 in
1063 1295 1183 1341 corona·
1249 1279 1250 1340 i

185 1364 287 1424 mentis
301 1362 435 1440 species,
456 1361 575 1420 alterius
594 1362 668 1420 enim
683 1362 790 1422 nullum
806 1379 922 1437 semen,
942 1362 971 1421 id
988 1363 1032 1421 cui
1048 1361 1122 1421 odor
1142 1370 1186 1421 est

143 1441 499 1596 56Creticumvooatur.⁴
640 1500 642 1504 .

209 1530 211 1534 ’
162 1529 304 1612 5(31
313 1530 337 1628 ἱ)
353 1527 493 1588 ‘Totidem
509 1537 537 1587 et
556 1527 660 1605 thymi,
688 1526 838 1588 candidum
855 1546 891 1588 ac
915 1529 1070 1606 nigricans.
1101 1528 1187 1588 donet
1196 1547 1215 1586 ιι

143 1543 281 1675 5autern
298 1615 376 1673 circa
399 1613 536 1685 solstitia,
564 1629 627 1671 cum
643 1619 671 1672 et
694 1628 765 1690 apes
781 1611 958 1710 decerpunt,
981 1620 1011 1671 ut
1037 1613 1188 1689 augurium

186 1699 281 1760 mellis
296 1697 342 1757 sit.
371 1705 541 1775 proventum
557 1696 631 1755 enim
650 1704 766 1774 sperant
783 1696 884 1774 apiarii
906 1695 988 1772 large
1010 1695 1188 1756 florescente

187 1801 233 1844 ιο.
264 1782 388 1842 laeditur
403 1780 546 1840 imbribus
565 1780 722 1858 amittitque
743 1779 853 1842 dorem
891 1781 997 1839 Semen
1015 1779 1103 1854 thymi
1129 1797 1190 1839 non

187 1874 286 1944 potest
301 1863 494 1941 deprehendi,
513 1882 576 1923 cum
591 1863 701 1940 origani
715 1880 854 1942 perquam
870 1863 1006 1922 minutum
1021 1870 1191 1923 nontamen

187 1949 277 2008 fallat.
311 1946 364 2006 sed
379 1947 446 2024 quid
462 1948 582 2006 interest
600 1946 765 2016 occultasse
781 1947 810 2006 id
824 1944 997 2006 naturam?
988 1962 1017 2006 m
1032 1947 1129 2008 dore'
1121 1964 1190 2026 rpso
1200 1971 1223 2012 ιι

187 2031 362 2107 intellegitur
385 2039 506 2112 satoque
523 2048 559 2090 eo
574 2032 709 2091 nascitur.
741 2030 808 2108 quid
824 2048 881 2090 non
901 2038 1080 2130 temptavere
1096 2030 1191 2090 homi·

143 2125 177 2179 57
189 2110 263 2174 nes?
289 2113 381 2174 hellis
397 2113 509 2174 Attici
500 2133 528 2173 ιι
544 2123 604 2173 toto
623 2114 694 2173 orbe
710 2131 816 2174 summa
831 2113 894 2174 laus
909 2115 1096 2176 existimatur
1115 2132 1192 2192 ergo
1247 2143 1248 2146 ¹

187 2198 353 2258 translatum
370 2206 415 2256 est
428 2216 465 2256 ex
479 2197 574 2257 Attica
599 2197 725 2271 thymum
747 2205 776 2256 et
797 2199 848 2270 vix
865 2195 953 2275 dore,
979 2199 1019 2258 uti
1035 2197 1192 2272 docemur,

189 2292 289 2342 sutum.
329 2280 460 2342 sedulia
486 2271 558 2339 r'atio
585 2289 703 2339 naturae
729 2263 838 2341 obstitit
862 2299 919 2341 non
945 2281 1064 2342 durante
1086 2281 1207 2343 Attico

186 2366 283 2440 thymo
301 2365 355 2422 nisi
372 2365 400 2422 in
416 2363 520 2422 adflatu
535 2363 629 2424 maris.
660 2371 721 2423 erat
737 2365 850 2462 quidem
866 2365 940 2424 haec
956 2367 1052 2444 opinio
1069 2367 1225 2444 antiquas

174 2453 215 2514 ,in
234 2447 309 2505 omni
334 2447 446 2521 thymo,
473 2444 597 2523 ideoque
619 2462 676 2504 non
695 2448 774 2506 nasci
794 2449 822 2506 in
848 2448 989 2524 Arcadia,
1015 2459 1092 2526 tum,
1125 2467 1198 2508 curn

187 2531 281 2600 oleam
296 2547 353 2588 non
367 2537 501 2606 putarent
515 2529 594 2607 gigni
611 2530 663 2588 nisi
679 2531 751 2589 intra
762 2531 828 2590 'ccc
844 2532 964 2592 stadiae
981 2534 1060 2591 mari.
1085 2531 1197 2607 thymo

187 2611 311 2690 quidem
316 2630 389 2672 nnnc
406 2613 490 2671 etiam
505 2612 638 2690 lapideos
654 2631 772 2692 campos
787 2617 815 2674 in
829 2617 978 2693 provincia
995 2611 1199 2676 Narbonensi

184 2697 312 2756 refertos
327 2697 447 2772 scimus,
476 2696 534 2756 hoc
550 2714 641 2775 paene
658 2698 723 2758 solo
738 2697 846 2772 reditu,
874 2716 890 2756 e
907 2699 1070 2776 longinquis
1085 2702 1199 2776 regio·

166 2780 267 2853 nibus
282 2779 423 2859 pecudum
437 2781 550 2840 milibus
566 2780 802 2841 convenientibus
815 2791 846 2840 ut
861 2782 970 2869 thymo
973 2791 1149 2842 vescantur.
1209 2799 1229 2840 ao

141 2876 177 2930 58
251 2865 335 2944 (32.)
356 2863 394 2922 Ει
418 2881 545 2938 conyzae
566 2864 622 2923 dno
639 2882 749 2942 genera
766 2867 793 2923 in
815 2850 1043 2941 coronamentis,
1072 2885 1144 2927 mas
1162 2885 1202 2928 ac

185 2949 298 3008 femina.
331 2947 515 3007 differentia
506 2965 535 3005 ιιι
554 2946 641 3007 lolio:
670 2948 782 3007 tenuius
802 2947 925 3008 feminae
947 2958 977 3009 et
997 2952 1203 3010 constrictius

185 3034 400 3109 angustiusque,
417 3028 592 3090 imbricatum
607 3031 702 3091 maris
734 3048 794 3089 mas
809 3040 838 3091 et
853 3049 1005 3092 ramosior
1037 3031 1097 3092 hos
1116 3051 1202 3112 quo·

185 3133 241 3193 que
257 3115 347 3191 magis
366 3111 500 3190 splendet
521 3115 604 3187 eius,
625 3115 768 3173 serotinus
795 3115 908 3194 utrique
932 3124 1000 3194 post
1025 3125 1202 3177 arcturum.

183 3215 243 3258 mas
259 3197 350 3256 odore
371 3199 502 3272 gravior,
526 3193 629 3255 iemina
653 3199 776 3272 acutior,
812 3207 841 3257 et
863 3200 929 3258 ideo
951 3208 1052 3259 contra
1073 3199 1204 3262 bestia·
1217 3221 1240 3262 ιι

184 3298 244 3338 rum
271 3297 382 3339 morsus
409 3282 510 3358 aptior.
557 3279 625 3340 iolia
654 3281 774 3340 feminae
796 3281 889 3341 mellis
915 3282 1034 3342 odorem
1061 3283 1206 3360 habent,

184 3363 329 3422 masculae
354 3362 435 3422 radix
461 3383 477 3424 a
503 3363 670 3443 quibusdam
696 3362 828 3450 libanotis
853 3363 1032 3444 appelletur,
1062 3367 1104 3428 de
1136 3385 1209 3448 qua

138 3466 172 3507 ιι,
184 3444 355 3505 indiximus
619 3471 624 3483 ·
