2512 3858
182 207 221 266 10
501 214 532 266 0.
548 215 644 266 euml
660 214 809 266 scopum

178 379 338 452 praetenue
355 370 532 454 longumque
547 379 579 433 et
592 387 731 432 mucrone
751 368 922 430 aculeatum.
953 369 1037 452 pinus
1051 370 1109 432 lert
1123 371 1172 430 mi·

136 471 317 515 anonumum
329 457 461 533 resinae,
485 455 624 517 interdum
642 464 673 515 et
689 454 810 516 nucibus
821 454 942 534 ipsisde
954 455 1057 536 quibus
1068 456 1174 520 dictum

177 548 233 616 est,
249 540 357 618 uixque
373 550 404 601 nt
419 539 599 602 adscribatur
613 539 725 615 generi.

134 631 169 688 39
241 623 326 703 (17.)
354 623 484 686 Pinaster
497 623 567 684 nihil
583 629 629 682 est
645 621 722 683 aliud
737 637 821 700 qnam
842 623 925 702 pinus
946 623 1089 686 silvestris
1102 623 1174 686 mira

176 707 326 769 altitudine
347 717 413 770 eta
432 707 527 767 medio
548 721 662 765 ramosa
683 707 758 765 sicut
778 706 862 784 pinus
876 709 905 767 in
919 709 1042 770 vertice.
1072 707 1194 786 copios

134 793 309 858 assensionem
324 792 372 852 dat
387 792 462 851 baec
471 790 596 861 resinam
609 804 667 868 qno
687 788 817 850 dicemus
831 789 928 851 modo.
957 793 1084 870 gignitur
1099 800 1129 852 ct
1144 791 1173 854 in

174 876 280 953 planis.
309 874 435 936 Easdem
452 871 575 934 arbores
589 873 647 932 alio
667 874 783 932 nomine
808 891 876 934 esse
895 891 952 951 per
974 891 1053 934 oram
1070 874 1174 936 ltaliae

174 975 249 1038 quos
264 960 370 1021 tibulos
381 965 489 1017 vocant
499 957 633 1036 plerique
643 955 835 1033 arbitrantur,
855 956 908 1017 sed
928 957 1046 1034 gracilis
1059 960 1173 1020 succin-

176 1045 341 1121 ctioresque
358 1049 388 1100 et
402 1038 505 1101 enodis
519 1040 723 1102 liburnicarum
735 1040 774 1102 ad
785 1056 864 1118 usus,
877 1057 973 1120 paene
985 1041 1048 1100 sine
1061 1043 1172 1103 resina.

131 1137 167 1192 40
235 1125 319 1204 (18.)
337 1122 433 1190 ,Piceo
451 1127 556 1186 montis
577 1135 653 1188 amat
666 1135 754 1204 atque
768 1124 893 1203 frigora,
913 1125 1016 1186 feralis
1036 1123 1124 1186 arbor
1142 1136 1206 1188 etro

172 1209 286 1271 funebri
302 1206 407 1268 indicio
424 1208 553 1270 adfores
567 1211 663 1289 posita
682 1226 719 1270 ac
732 1211 813 1287 rogis
827 1211 936 1288 virens,
959 1210 1014 1270 iam
1029 1218 1124 1271 tannen
1141 1219 1174 1272 ct

105 1309 109 1316 ’
172 1295 200 1353 in
215 1289 318 1353 domos
332 1301 454 1372 recepta
468 1293 566 1354 tonsili
579 1292 729 1356 facilitate.
754 1291 829 1354 baec
844 1293 1004 1373 plurumum
1020 1293 1112 1355 fundit
1127 1294 1171 1356 in·

171 1377 353 1437 terueniente
369 1376 492 1439 candida
512 1395 641 1456 gemma,
662 1385 720 1438 tam
734 1377 821 1439 simili
839 1378 911 1438 turis
927 1385 958 1438 ut
970 1378 1060 1439 mixta
1074 1396 1091 1439 a
1104 1379 1171 1438 risu

63 1491 68 1497 ·
128 1469 162 1524 dl
172 1460 297 1521 discerni
311 1475 369 1520 non
384 1468 482 1539 queat,
494 1462 570 1523 unde
584 1462 664 1525 fraus
675 1461 838 1541 Seplasiae.
869 1459 1006 1522 Omnibus
1020 1462 1065 1524 bis
1078 1480 1170 1540 gene·

84 1569 88 1579 ¹
170 1542 249 1605 ribus
267 1542 338 1606 iolia
363 1544 445 1606 brevi
468 1555 548 1607 saeta
569 1555 599 1606 et
614 1547 760 1608 crassiore
781 1546 910 1625 duraque
931 1563 987 1608 cen
1007 1545 1166 1626 cupressis.
1180 1565 1205 1606 ιι

169 1629 312 1716 piceae
289 1631 361 1690 rami
373 1620 467 1710 paene
476 1631 570 1692 statim
578 1630 614 1692 ab
621 1631 720 1692 radice
734 1629 840 1690 modici
852 1629 934 1692 uelut
944 1630 1081 1693 bracchia
1094 1629 1168 1692 late·

169 1711 248 1773 rubus
260 1691 422 1793 inhaerent
435 1715 566 1777 srmrlrter
576 1714 665 1776 abretr
677 1715 825 1793 expetitae
836 1716 970 1794 namque
995 1714 1169 1776 situsinex·

170 1797 253 1858 celso
271 1800 424 1879 montium,
446 1817 502 1860 cen
517 1799 607 1860 maria
620 1798 739 1876 ingerit,
755 1816 812 1860 nec
826 1798 919 1861 forma
935 1800 1001 1862 alia.
1031 1797 1170 1860 materies

126 1889 161 1946 ln
172 1897 243 1942 vero
259 1899 417 1960 praecipua
428 1880 558 1942 trabibus
570 1890 600 1942 et
612 1881 751 1961 plurumis
763 1884 842 1945 vrtae
853 1883 1002 1964 operibus.
1031 1883 1171 1943 resinaei

168 1966 277 2041 uitium,
291 1964 368 2024 unde
380 1965 490 2025 irnctns
500 1965 622 2044 piceae,¹
632 1964 826 2046 exiguumque
837 1967 921 2028 sudat
931 1964 1085 2046 aliquando
1098 1974 1204 2028 con-‘m

168 2057 247 2110 tactu
261 2047 344 2108 solis.
378 2066 397 2109 e
411 2047 529 2110 diverso
542 2049 690 2126 materies,
712 2067 788 2130 quae
802 2049 890 2111 abieti
905 2050 1109 2128 pulcherrima,
1121 2052 1168 2130 pi·

168 2149 241 2192 cene
255 2132 291 2192 ad
307 2132 404 2192 fissilis
419 2132 573 2194 scandulas
588 2149 738 2214 cupasque
752 2142 781 2195 et
795 2149 887 2212 panca
902 2133 959 2193 alia
973 2142 1152 2200 secamenta.

125 2224 161 2280 43
232 2215 318 2296 (19.)
344 2215 449 2290 Quinto
462 2218 564 2294 generi
579 2217 652 2278 situs
666 2217 758 2294 idern,
773 2217 864 2284 facies
879 2215 990 2276 cadem.
1020 2214 1095 2275 larix
1111 2233 1167 2276 ιο-

169 2309 259 2362 catur.
285 2301 421 2361 materies
437 2301 630 2378 praestantior
641 2300 956 2376 longe-incorrupta
968 2299 996 2359 ei
1005 2299 1050 2358 vis
1062 2317 1166 2363 tunore

167 2393 321 2447 contumax
333 2415 386 2460 -‚
410 2382 517 2444 rubens
534 2390 689 2461 praeterea
706 2390 736 2441 et
758 2379 850 2442 odore
867 2381 974 2442 aerior.
999 2382 1200 2462 plusculumas

168 2469 236 2529 lunio
252 2467 374 2545 erumpit
391 2465 513 2544 liquoris
525 2465 633 2526 melleo
648 2464 751 2526 colore
765 2473 853 2544 atquc
864 2464 995 2542 lentore,
1012 2483 1164 2546 numquam

126 2551 358 2616 csdnrescentis.
375 2549 593 2628 Sextumgenus
602 2549 866 2628 esttaedaproprie
877 2549 965 2627 dicta
973 2548 1164 2616 abundantior

166 2651 238 2695 suco
253 2649 337 2712 quam
350 2631 474 2711 reliqna,
488 2633 609 2713 parcior
617 2632 811 2711 liquidiorque
826 2651 911 2714 qnam
928 2635 1023 2713 picea,
1042 2635 1162 2698 dammis

167 2733 202 2778 ac
216 2717 312 2777 lumini
327 2733 477 2778 sacrorum
489 2718 574 2778 etiam
588 2724 681 2795 grata
709 2716 776 2794 bae,
791 2735 886 2778 mares
897 2716 1052 2800 dumtaxat,
1066 2719 1163 2782 ierunt

167 2811 196 2862 et
211 2819 275 2861 eam
290 2819 374 2880 qnam
390 2799 493 2863 Graeci
508 2817 598 2877 sycen
612 2810 727 2878 vocant,
747 2802 846 2863 odoris
860 2803 1031 2880 gratisdmi.
1062 2803 1161 2865 laricis
1171 2817 1198 2859 ac

46 2895 51 2905 ¹
123 2893 158 2948 45
168 2884 285 2946 morbus
306 2893 394 2946 estut
411 2885 495 2947 taeda
515 2884 573 2945 flat.
601 2883 700 2946 Omnia
722 2894 816 2946 antem
830 2885 1161 2964 baecgeneraacccnsa

166 2969 277 3046 fulgine
293 2969 435 3030 inmodica
449 2970 605 3030 carbonem
619 2977 742 3048 repente
760 2979 905 3049 exspuunt
921 2988 985 3031 curn
1000 2971 1159 3048 eruptionis

166 3054 278 3132 crepitu
294 3053 528 3132 eiaculanturque
550 3052 641 3130 longe
662 3062 785 3152 excepta
809 3054 900 3116 larice
916 3071 990 3132 qnae
1005 3072 1059 3114 nec
1074 3054 1159 3116 ardet

164 3154 220 3196 nec
234 3137 389 3198 carbonem
407 3136 477 3198 iacit
498 3154 553 3198 nec
569 3137 626 3198 alio
642 3136 753 3198 modo
744 3139 819 3214 ignis
838 3139 867 3199 ui
885 3139 1059 3200 consumitur
1072 3157 1158 3220 quarn

165 3219 288 3298 lapides.
319 3219 418 3280 Omnia
433 3238 468 3282 ea
472 3231 624 3321 perpetuo
638 3222 733 3282 virent
747 3239 802 3282 nec
813 3221 901 3283 iacile
916 3221 1138 3284 discernuntur
1129 3243 1159 3284 ιιι
1166 3241 1194 3286 cn

122 3312 157 3368 46
167 3302 270 3364 ironde
286 3303 400 3364 etiamn
416 3303 526 3384 peritis,
541 3313 625 3367 tanta
634 3306 769 3366 natalium
782 3306 904 3366 mixtura
921 3316 975 3368 est.
1004 3307 1058 3368 sed
1072 3309 1158 3386 picea

163 3387 257 3447 minus
272 3388 329 3449 alta
343 3405 426 3466 quam
447 3389 535 3468 larix,
556 3389 606 3450 illa
623 3390 751 3451 crassior
769 3389 923 3470 leviorque
939 3392 1062 3468 cortice,
1082 3391 1156 3452 lolio

163 3469 305 3552 villosior,
320 3473 454 3553 pinguior
469 3482 497 3537 et
512 3473 629 3564 densior
641 3473 756 3536 mollius
771 3473 861 3554 dexo,
881 3493 916 3538 ac
929 3475 1032 3555 piceae
1045 3475 1155 3538 rariora
