<?xml version="1.0" encoding="UTF-8"?>
<!DOCTYPE html PUBLIC "-//W3C//DTD XHTML 1.0 Transitional//EN"
    "http://www.w3.org/TR/xhtml1/DTD/xhtml1-transitional.dtd">
<html xmlns="http://www.w3.org/1999/xhtml" xml:lang="en" lang="en">
 <head>
  <title>
</title>
<meta http-equiv="Content-Type" content="text/html;charset=utf-8" />
  <meta name='ocr-system' content='tesseract 3.04.00' />
  <meta name='ocr-capabilities' content='ocr_page ocr_carea ocr_par ocr_line ocrx_word'/>
</head>
<body>
  <div class='ocr_page' id='page_1' title='image "./cplinisecundina23plingoog_0234.png"; bbox 0 0 2552 3866; ppageno 0'>
   <div class='ocr_carea' id='block_1_1' title="bbox 308 178 1088 260">
    <p class='ocr_par' dir='ltr' id='par_1_1' title="bbox 308 178 1088 260">
     <span class='ocr_line' id='line_1_1' title="bbox 308 178 1088 260; baseline 0.004 -21"><span class='ocrx_word' id='word_1_1' title='bbox 308 191 389 240; x_wconf 81' lang='lat' dir='ltr'><strong>nno.</strong></span> <span class='ocrx_word' id='word_1_2' title='bbox 404 189 496 240; x_wconf 79' lang='lat' dir='ltr'><strong>urso.</strong></span> <span class='ocrx_word' id='word_1_3' title='bbox 511 189 624 238; x_wconf 82' lang='lat' dir='ltr'>xv1111.</span> <span class='ocrx_word' id='word_1_4' title='bbox 636 186 722 242; x_wconf 76' lang='grc'><strong>7-8.</strong></span> <span class='ocrx_word' id='word_1_5' title='bbox 736 178 886 260; x_wconf 62' lang='grc' dir='ltr'>(θεν-39.)</span> <span class='ocrx_word' id='word_1_6' title='bbox 1028 183 1088 242; x_wconf 82' lang='grc'><strong>177</strong></span> 
     </span>
    </p>
   </div>
   <div class='ocr_carea' id='block_1_2' title="bbox 94 313 1086 430">
    <p class='ocr_par' dir='ltr' id='par_1_2' title="bbox 94 313 1086 430">
     <span class='ocr_line' id='line_1_2' title="bbox 94 313 1086 430; baseline 0.004 -22"><span class='ocrx_word' id='word_1_7' title='bbox 94 355 248 430; x_wconf 88' lang='lat' dir='ltr'><strong>praeterea</strong></span> <span class='ocrx_word' id='word_1_8' title='bbox 271 345 350 423; x_wconf 80' lang='lat' dir='ltr'><strong>longi</strong></span> <span class='ocrx_word' id='word_1_9' title='bbox 371 354 400 405; x_wconf 89' lang='lat' dir='ltr'><strong>et</strong></span> <span class='ocrx_word' id='word_1_10' title='bbox 413 346 544 423; x_wconf 79' lang='lat' dir='ltr'><strong>angusti,</strong></span> <span class='ocrx_word' id='word_1_11' title='bbox 562 343 667 406; x_wconf 86' lang='lat' dir='ltr'><strong>intubis</strong></span> <span class='ocrx_word' id='word_1_12' title='bbox 682 341 791 405; x_wconf 88' lang='lat' dir='ltr'><strong>similis.</strong></span> <span class='ocrx_word' id='word_1_13' title='bbox 815 313 977 422; x_wconf 87' lang='lat' dir='ltr'><strong>pessumum</strong></span> <span class='ocrx_word' id='word_1_14' title='bbox 992 359 1086 412; x_wconf 89' lang='lat' dir='ltr'><strong>antem</strong></span> 
     </span>
    </p>
   </div>
   <div class='ocr_carea' id='block_1_3' title="bbox 20 427 1140 2267">
    <p class='ocr_par' dir='ltr' id='par_1_3' title="bbox 20 427 1140 1931">
     <span class='ocr_line' id='line_1_3' title="bbox 92 427 1085 514; baseline 0 -21"><span class='ocrx_word' id='word_1_15' title='bbox 92 447 184 511; x_wconf 75' lang='lat' dir='ltr'><strong>genus</strong></span> <span class='ocrx_word' id='word_1_16' title='bbox 208 448 272 491; x_wconf 85' lang='lat' dir='ltr'><strong>oum</strong></span> <span class='ocrx_word' id='word_1_17' title='bbox 287 429 512 508; x_wconf 77' lang='lat' dir='ltr'><strong>exprobratione</strong></span> <span class='ocrx_word' id='word_1_18' title='bbox 526 428 720 492; x_wconf 69' lang='lat' dir='ltr'><strong>amaritudinis</strong></span> <span class='ocrx_word' id='word_1_19' title='bbox 735 427 925 506; x_wconf 80' lang='lat' dir='ltr'>appellavere</span> <span class='ocrx_word' id='word_1_20' title='bbox 940 431 1085 514; x_wconf 78' lang='lat' dir='ltr'><strong>noupidu.</strong></span> 
     </span>
     <span class='ocr_line' id='line_1_4' title="bbox 91 504 1087 591; baseline 0.002 -14"><span class='ocrx_word' id='word_1_21' title='bbox 91 523 137 584; x_wconf 86' lang='lat' dir='ltr'><strong>est</strong></span> <span class='ocrx_word' id='word_1_22' title='bbox 158 515 309 575; x_wconf 90' lang='lat' dir='ltr'><strong>etiamnum</strong></span> <span class='ocrx_word' id='word_1_23' title='bbox 332 512 388 574; x_wconf 88' lang='lat' dir='ltr'><strong>alla</strong></span> <span class='ocrx_word' id='word_1_24' title='bbox 401 513 545 576; x_wconf 74' lang='lat' dir='ltr'><strong>distinctio</strong></span> <span class='ocrx_word' id='word_1_25' title='bbox 565 512 650 574; x_wconf 85' lang='lat' dir='ltr'><strong>albae</strong></span> <span class='ocrx_word' id='word_1_26' title='bbox 676 529 749 590; x_wconf 89' lang='lat' dir='ltr'><strong>quae</strong></span> <span class='ocrx_word' id='word_1_27' title='bbox 768 504 915 591; x_wconf 73' lang='grc' dir='ltr'><strong><em>μηκωνὶς</em></strong></span> <span class='ocrx_word' id='word_1_28' title='bbox 936 527 1087 579; x_wconf 76' lang='lat' dir='ltr'><strong>nutatura</strong></span> 
     </span>
     <span class='ocr_line' id='line_1_5' title="bbox 90 597 1086 678; baseline 0.001 -18"><span class='ocrx_word' id='word_1_29' title='bbox 90 600 176 678; x_wconf 91' lang='lat' dir='ltr'><strong>oopia</strong></span> <span class='ocrx_word' id='word_1_30' title='bbox 191 599 275 658; x_wconf 87' lang='lat' dir='ltr'><strong>laetis</strong></span> <span class='ocrx_word' id='word_1_31' title='bbox 290 597 457 675; x_wconf 81' lang='lat' dir='ltr'><strong>soporiferi,</strong></span> <span class='ocrx_word' id='word_1_32' title='bbox 473 614 642 676; x_wconf 85' lang='lat' dir='ltr'><strong>quamquam</strong></span> <span class='ocrx_word' id='word_1_33' title='bbox 654 613 754 657; x_wconf 91' lang='lat' dir='ltr'><strong>omnes</strong></span> <span class='ocrx_word' id='word_1_34' title='bbox 766 612 895 656; x_wconf 87' lang='lat' dir='ltr'><strong>somnum</strong></span> <span class='ocrx_word' id='word_1_35' title='bbox 905 614 1011 675; x_wconf 88' lang='lat' dir='ltr'><strong>parere</strong></span> <span class='ocrx_word' id='word_1_36' title='bbox 1024 619 1086 662; x_wconf 89' lang='lat' dir='ltr'><strong>ore·</strong></span> 
     </span>
     <span class='ocr_line' id='line_1_6' title="bbox 64 680 1140 762; baseline -0.005 -13"><span class='ocrx_word' id='word_1_37' title='bbox 64 684 205 749; x_wconf 78' lang='lat' dir='ltr'><strong>eduntur.</strong></span> <span class='ocrx_word' id='word_1_38' title='bbox 233 680 309 762; x_wconf 91' lang='lat' dir='ltr'><strong>apud</strong></span> <span class='ocrx_word' id='word_1_39' title='bbox 323 681 456 759; x_wconf 90' lang='lat' dir='ltr'><strong>antiquos</strong></span> <span class='ocrx_word' id='word_1_40' title='bbox 467 682 567 742; x_wconf 86' lang='lat' dir='ltr'><strong>ltaliae</strong></span> <span class='ocrx_word' id='word_1_41' title='bbox 581 681 638 743; x_wconf 88' lang='lat' dir='ltr'><strong>lroo</strong></span> <span class='ocrx_word' id='word_1_42' title='bbox 649 680 742 740; x_wconf 90' lang='lat' dir='ltr'><strong>solum</strong></span> <span class='ocrx_word' id='word_1_43' title='bbox 753 696 845 757; x_wconf 75' lang='lat' dir='ltr'><strong>genus</strong></span> <span class='ocrx_word' id='word_1_44' title='bbox 857 697 955 740; x_wconf 86' lang='lat' dir='ltr'><strong>earum</strong></span> <span class='ocrx_word' id='word_1_45' title='bbox 965 682 1035 759; x_wconf 89' lang='lat' dir='ltr'><strong>luit,</strong></span> <span class='ocrx_word' id='word_1_46' title='bbox 1059 695 1088 744; x_wconf 85' lang='lat' dir='ltr'><strong>et</strong></span> <span class='ocrx_word' id='word_1_47' title='bbox 1132 709 1140 726; x_wconf 75' lang='lat'><strong><em>¹</em></strong></span> 
     </span>
     <span class='ocr_line' id='line_1_7' title="bbox 86 765 1128 843; baseline -0.003 -14"><span class='ocrx_word' id='word_1_48' title='bbox 86 768 156 829; x_wconf 88' lang='lat' dir='ltr'><strong>ideo</strong></span> <span class='ocrx_word' id='word_1_49' title='bbox 179 765 300 826; x_wconf 89' lang='lat' dir='ltr'><strong>laotuuis</strong></span> <span class='ocrx_word' id='word_1_50' title='bbox 320 781 425 824; x_wconf 90' lang='lat' dir='ltr'><strong>nomen</strong></span> <span class='ocrx_word' id='word_1_51' title='bbox 444 783 460 826; x_wconf 89' lang='lat' dir='ltr'><strong>a</strong></span> <span class='ocrx_word' id='word_1_52' title='bbox 481 766 566 826; x_wconf 85' lang='lat' dir='ltr'><strong>laete.</strong></span> <span class='ocrx_word' id='word_1_53' title='bbox 600 781 774 843; x_wconf 90' lang='lat' dir='ltr'><strong>pnrpuream</strong></span> <span class='ocrx_word' id='word_1_54' title='bbox 793 781 942 842; x_wconf 74' lang='lat' dir='ltr'><strong>munnae</strong></span> <span class='ocrx_word' id='word_1_55' title='bbox 962 766 1128 836; x_wconf 72' lang='lat' dir='ltr'><strong>radiatam</strong></span> 
     </span>
     <span class='ocr_line' id='line_1_8' title="bbox 87 848 1087 926; baseline 0 -14"><span class='ocrx_word' id='word_1_56' title='bbox 87 849 287 920; x_wconf 76' lang='lat' dir='ltr'><strong>Caecilianam</strong></span> <span class='ocrx_word' id='word_1_57' title='bbox 303 858 424 924; x_wconf 82' lang='lat' dir='ltr'><strong>vocant,</strong></span> <span class='ocrx_word' id='word_1_58' title='bbox 446 849 596 910; x_wconf 78' lang='lat' dir='ltr'><strong>rotundam</strong></span> <span class='ocrx_word' id='word_1_59' title='bbox 613 864 683 907; x_wconf 80' lang='lat' dir='ltr'><strong>vero</strong></span> <span class='ocrx_word' id='word_1_60' title='bbox 699 857 734 908; x_wconf 89' lang='lat' dir='ltr'><strong>ae</strong></span> <span class='ocrx_word' id='word_1_61' title='bbox 752 848 873 908; x_wconf 85' lang='lat' dir='ltr'><strong>minuma</strong></span> <span class='ocrx_word' id='word_1_62' title='bbox 890 848 1006 926; x_wconf 83' lang='lat' dir='ltr'><strong>radice,</strong></span> <span class='ocrx_word' id='word_1_63' title='bbox 1022 851 1087 912; x_wconf 86' lang='lat' dir='ltr'><strong>latis</strong></span> 
     </span>
     <span class='ocr_line' id='line_1_9' title="bbox 85 919 1087 1012; baseline 0 -17"><span class='ocrx_word' id='word_1_64' title='bbox 85 934 187 1010; x_wconf 85' lang='lat' dir='ltr'><strong>foliis,</strong></span> <span class='ocrx_word' id='word_1_65' title='bbox 203 921 370 1005; x_wconf 66' lang='lat' dir='ltr'><strong>durandulo,</strong></span> <span class='ocrx_word' id='word_1_66' title='bbox 387 933 558 1012; x_wconf 79' lang='lat' dir='ltr'><strong>quidamque</strong></span> <span class='ocrx_word' id='word_1_67' title='bbox 574 919 779 1010; x_wconf 67' lang='lat' dir='ltr'><strong>edvoupetonq</strong></span> <span class='ocrx_word' id='word_1_68' title='bbox 794 933 928 1010; x_wconf 85' lang='lat' dir='ltr'><strong>quoniam</strong></span> <span class='ocrx_word' id='word_1_69' title='bbox 940 932 1015 994; x_wconf 77' lang='lat' dir='ltr'><strong>liaeo</strong></span> <span class='ocrx_word' id='word_1_70' title='bbox 1029 953 1087 996; x_wconf 92' lang='lat' dir='ltr'><strong>ma·</strong></span> 
     </span>
     <span class='ocr_line' id='line_1_10' title="bbox 85 1015 1087 1096; baseline -0.001 -17"><span class='ocrx_word' id='word_1_71' title='bbox 85 1035 175 1079; x_wconf 86' lang='lat' dir='ltr'><strong>xume</strong></span> <span class='ocrx_word' id='word_1_72' title='bbox 197 1016 361 1094; x_wconf 84' lang='lat' dir='ltr'><strong>refragetur</strong></span> <span class='ocrx_word' id='word_1_73' title='bbox 375 1019 486 1076; x_wconf 83' lang='lat' dir='ltr'><strong>veneri.</strong></span> <span class='ocrx_word' id='word_1_74' title='bbox 510 1026 556 1076; x_wconf 85' lang='lat' dir='ltr'><strong>est</strong></span> <span class='ocrx_word' id='word_1_75' title='bbox 572 1016 685 1095; x_wconf 88' lang='lat' dir='ltr'><strong>quidem</strong></span> <span class='ocrx_word' id='word_1_76' title='bbox 700 1025 800 1076; x_wconf 88' lang='lat' dir='ltr'><strong>natura</strong></span> <span class='ocrx_word' id='word_1_77' title='bbox 817 1015 948 1076; x_wconf 84' lang='lat' dir='ltr'><strong>omnibus</strong></span> <span class='ocrx_word' id='word_1_78' title='bbox 964 1017 1087 1096; x_wconf 78' lang='lat' dir='ltr'><strong>refrige-</strong></span> 
     </span>
     <span class='ocr_line' id='line_1_11' title="bbox 48 1095 1087 1178; baseline -0.004 -12"><span class='ocrx_word' id='word_1_79' title='bbox 48 1124 75 1167; x_wconf 76' lang='lat' dir='ltr'><strong>ro</strong></span> <span class='ocrx_word' id='word_1_80' title='bbox 86 1103 181 1163; x_wconf 85' lang='lat' dir='ltr'><strong>ratrirr</strong></span> <span class='ocrx_word' id='word_1_81' title='bbox 196 1109 226 1160; x_wconf 90' lang='lat' dir='ltr'><strong>et</strong></span> <span class='ocrx_word' id='word_1_82' title='bbox 240 1101 307 1160; x_wconf 89' lang='lat' dir='ltr'><strong>ideo</strong></span> <span class='ocrx_word' id='word_1_83' title='bbox 329 1109 443 1160; x_wconf 88' lang='lat' dir='ltr'><strong>aestate</strong></span> <span class='ocrx_word' id='word_1_84' title='bbox 455 1101 557 1178; x_wconf 81' lang='lat' dir='ltr'><strong>gratia.</strong></span> <span class='ocrx_word' id='word_1_85' title='bbox 580 1099 729 1160; x_wconf 73' lang='lat' dir='ltr'><strong>stomacho</strong></span> <span class='ocrx_word' id='word_1_86' title='bbox 743 1095 887 1159; x_wconf 79' lang='lat' dir='ltr'><strong>fastidium</strong></span> <span class='ocrx_word' id='word_1_87' title='bbox 902 1101 1034 1161; x_wconf 77' lang='lat' dir='ltr'><strong>unierunt</strong></span> <span class='ocrx_word' id='word_1_88' title='bbox 1048 1104 1087 1162; x_wconf 86' lang='lat' dir='ltr'><strong>oi·</strong></span> 
     </span>
     <span class='ocr_line' id='line_1_12' title="bbox 83 1182 1130 1265; baseline 0.006 -19"><span class='ocrx_word' id='word_1_89' title='bbox 83 1186 176 1265; x_wconf 86' lang='lat' dir='ltr'><strong>bique</strong></span> <span class='ocrx_word' id='word_1_90' title='bbox 203 1182 398 1264; x_wconf 74' lang='lat' dir='ltr'><strong>adpetentiam</strong></span> <span class='ocrx_word' id='word_1_91' title='bbox 424 1185 541 1244; x_wconf 86' lang='lat' dir='ltr'><strong>laoiuut.</strong></span> <span class='ocrx_word' id='word_1_92' title='bbox 573 1184 656 1245; x_wconf 82' lang='lat' dir='ltr'><strong>divos</strong></span> <span class='ocrx_word' id='word_1_93' title='bbox 681 1192 761 1243; x_wconf 90' lang='lat' dir='ltr'><strong>oerte</strong></span> <span class='ocrx_word' id='word_1_94' title='bbox 785 1182 933 1260; x_wconf 73' lang='lat' dir='ltr'><strong>Augustus</strong></span> <span class='ocrx_word' id='word_1_95' title='bbox 955 1184 1130 1252; x_wconf 82' lang='lat' dir='ltr'><strong>laotnoa128</strong></span> 
     </span>
     <span class='ocr_line' id='line_1_13' title="bbox 82 1257 1086 1347; baseline -0.002 -15"><span class='ocrx_word' id='word_1_96' title='bbox 82 1277 280 1332; x_wconf 77' lang='lat' dir='ltr'><strong>conservatus</strong></span> <span class='ocrx_word' id='word_1_97' title='bbox 302 1269 331 1328; x_wconf 89' lang='lat' dir='ltr'><strong>in</strong></span> <span class='ocrx_word' id='word_1_98' title='bbox 356 1267 535 1345; x_wconf 79' lang='lat' dir='ltr'><strong>aegritudine</strong></span> <span class='ocrx_word' id='word_1_99' title='bbox 558 1268 649 1329; x_wconf 81' lang='lat' dir='ltr'><strong>fertur</strong></span> <span class='ocrx_word' id='word_1_100' title='bbox 673 1267 823 1344; x_wconf 89' lang='lat' dir='ltr'><strong>pmdentia</strong></span> <span class='ocrx_word' id='word_1_101' title='bbox 845 1265 945 1329; x_wconf 84' lang='lat' dir='ltr'><strong>llusae</strong></span> <span class='ocrx_word' id='word_1_102' title='bbox 971 1257 1086 1347; x_wconf 76' lang='lat' dir='ltr'><strong>medici,</strong></span> 
     </span>
     <span class='ocr_line' id='line_1_14' title="bbox 20 1350 1087 1432; baseline 0 -17"><span class='ocrx_word' id='word_1_103' title='bbox 20 1365 23 1371; x_wconf 60' lang='lat'><strong>⁴</strong></span> <span class='ocrx_word' id='word_1_104' title='bbox 82 1366 149 1415; x_wconf 85' lang='lat' dir='ltr'><strong>oum</strong></span> <span class='ocrx_word' id='word_1_105' title='bbox 171 1353 280 1432; x_wconf 91' lang='lat' dir='ltr'><strong>prioris</strong></span> <span class='ocrx_word' id='word_1_106' title='bbox 297 1350 330 1412; x_wconf 84' lang='lat' dir='ltr'><strong>G.</strong></span> <span class='ocrx_word' id='word_1_107' title='bbox 347 1351 454 1412; x_wconf 84' lang='lat' dir='ltr'><strong>Aemili</strong></span> <span class='ocrx_word' id='word_1_108' title='bbox 472 1353 578 1429; x_wconf 76' lang='lat' dir='ltr'><strong>religio</strong></span> <span class='ocrx_word' id='word_1_109' title='bbox 596 1351 680 1412; x_wconf 88' lang='lat' dir='ltr'><strong>nimia</strong></span> <span class='ocrx_word' id='word_1_110' title='bbox 697 1369 761 1412; x_wconf 91' lang='lat' dir='ltr'><strong>enm</strong></span> <span class='ocrx_word' id='word_1_111' title='bbox 776 1361 912 1427; x_wconf 82' lang='lat' dir='ltr'><strong>uetaret,</strong></span> <span class='ocrx_word' id='word_1_112' title='bbox 938 1354 967 1412; x_wconf 90' lang='lat' dir='ltr'><strong>in</strong></span> <span class='ocrx_word' id='word_1_113' title='bbox 981 1361 1087 1415; x_wconf 86' lang='lat' dir='ltr'><strong>tantum</strong></span> 
     </span>
     <span class='ocr_line' id='line_1_15' title="bbox 79 1429 1087 1516; baseline -0.002 -16"><span class='ocrx_word' id='word_1_114' title='bbox 79 1429 210 1516; x_wconf 81' lang='lat' dir='ltr'><strong>recepta</strong></span> <span class='ocrx_word' id='word_1_115' title='bbox 230 1435 494 1512; x_wconf 83' lang='lat' dir='ltr'><strong>commendatione,</strong></span> <span class='ocrx_word' id='word_1_116' title='bbox 521 1445 551 1495; x_wconf 89' lang='lat' dir='ltr'><strong>ut</strong></span> <span class='ocrx_word' id='word_1_117' title='bbox 572 1434 681 1494; x_wconf 88' lang='lat' dir='ltr'><strong>servari</strong></span> <span class='ocrx_word' id='word_1_118' title='bbox 699 1435 784 1494; x_wconf 90' lang='lat' dir='ltr'><strong>etiam</strong></span> <span class='ocrx_word' id='word_1_119' title='bbox 797 1435 826 1494; x_wconf 93' lang='lat' dir='ltr'><strong>in</strong></span> <span class='ocrx_word' id='word_1_120' title='bbox 843 1436 954 1496; x_wconf 84' lang='lat' dir='ltr'><strong>alienos</strong></span> <span class='ocrx_word' id='word_1_121' title='bbox 971 1455 1087 1498; x_wconf 89' lang='lat' dir='ltr'><strong>menses</strong></span> 
     </span>
     <span class='ocr_line' id='line_1_16' title="bbox 44 1519 1086 1599; baseline -0.002 -16"><span class='ocrx_word' id='word_1_122' title='bbox 44 1547 70 1588; x_wconf 68' lang='lat'><strong>1⁶</strong></span> <span class='ocrx_word' id='word_1_123' title='bbox 81 1541 136 1583; x_wconf 90' lang='lat' dir='ltr'><strong>eas</strong></span> <span class='ocrx_word' id='word_1_124' title='bbox 152 1520 284 1596; x_wconf 75' lang='lat' dir='ltr'><strong>oxymeli</strong></span> <span class='ocrx_word' id='word_1_125' title='bbox 296 1529 354 1582; x_wconf 91' lang='lat' dir='ltr'><strong>tum</strong></span> <span class='ocrx_word' id='word_1_126' title='bbox 369 1529 515 1599; x_wconf 87' lang='lat' dir='ltr'><strong>repertum</strong></span> <span class='ocrx_word' id='word_1_127' title='bbox 528 1519 573 1578; x_wconf 88' lang='lat' dir='ltr'><strong>sit.</strong></span> <span class='ocrx_word' id='word_1_128' title='bbox 591 1519 759 1594; x_wconf 76' lang='lat' dir='ltr'><strong>sanguinem</strong></span> <span class='ocrx_word' id='word_1_129' title='bbox 771 1534 886 1597; x_wconf 90' lang='lat' dir='ltr'><strong>quoqne</strong></span> <span class='ocrx_word' id='word_1_130' title='bbox 898 1537 1006 1596; x_wconf 85' lang='lat' dir='ltr'><strong>augere</strong></span> <span class='ocrx_word' id='word_1_131' title='bbox 1023 1540 1086 1582; x_wconf 88' lang='lat' dir='ltr'><strong>cre·</strong></span> 
     </span>
     <span class='ocr_line' id='line_1_17' title="bbox 78 1601 1086 1682; baseline -0.003 -14"><span class='ocrx_word' id='word_1_132' title='bbox 78 1607 201 1668; x_wconf 91' lang='lat' dir='ltr'><strong>duntur.</strong></span> <span class='ocrx_word' id='word_1_133' title='bbox 239 1601 293 1662; x_wconf 85' lang='lat' dir='ltr'><strong>Est</strong></span> <span class='ocrx_word' id='word_1_134' title='bbox 307 1605 457 1664; x_wconf 87' lang='lat' dir='ltr'><strong>etiamnum</strong></span> <span class='ocrx_word' id='word_1_135' title='bbox 478 1615 553 1680; x_wconf 83' lang='lat' dir='ltr'><strong>quae</strong></span> <span class='ocrx_word' id='word_1_136' title='bbox 567 1609 687 1661; x_wconf 82' lang='lat' dir='ltr'><strong>vocatur</strong></span> <span class='ocrx_word' id='word_1_137' title='bbox 702 1601 820 1679; x_wconf 88' lang='lat' dir='ltr'><strong>oaprina</strong></span> <span class='ocrx_word' id='word_1_138' title='bbox 833 1601 963 1678; x_wconf 88' lang='lat' dir='ltr'><strong>laotuoa,</strong></span> <span class='ocrx_word' id='word_1_139' title='bbox 981 1603 1017 1663; x_wconf 88' lang='lat' dir='ltr'><strong>de</strong></span> <span class='ocrx_word' id='word_1_140' title='bbox 1029 1622 1086 1682; x_wconf 90' lang='lat' dir='ltr'><strong>qua</strong></span> 
     </span>
     <span class='ocr_line' id='line_1_18' title="bbox 76 1685 1128 1763; baseline -0.006 -13"><span class='ocrx_word' id='word_1_141' title='bbox 76 1691 219 1751; x_wconf 82' lang='lat' dir='ltr'><strong>dieamus</strong></span> <span class='ocrx_word' id='word_1_142' title='bbox 231 1687 306 1744; x_wconf 90' lang='lat' dir='ltr'><strong>inter</strong></span> <span class='ocrx_word' id='word_1_143' title='bbox 316 1686 454 1744; x_wconf 87' lang='lat' dir='ltr'><strong>medieas.</strong></span> <span class='ocrx_word' id='word_1_144' title='bbox 466 1693 495 1743; x_wconf 87' lang='lat' dir='ltr'><strong>et</strong></span> <span class='ocrx_word' id='word_1_145' title='bbox 506 1701 578 1743; x_wconf 85' lang='lat' dir='ltr'><strong>eone</strong></span> <span class='ocrx_word' id='word_1_146' title='bbox 591 1701 655 1744; x_wconf 90' lang='lat' dir='ltr'><strong>oum</strong></span> <span class='ocrx_word' id='word_1_147' title='bbox 666 1700 797 1744; x_wconf 74' lang='lat' dir='ltr'><strong>muume</strong></span> <span class='ocrx_word' id='word_1_148' title='bbox 808 1685 905 1762; x_wconf 84' lang='lat' dir='ltr'><strong>eoepit</strong></span> <span class='ocrx_word' id='word_1_149' title='bbox 915 1686 1051 1763; x_wconf 86' lang='lat' dir='ltr'><strong>inrepere</strong></span> <span class='ocrx_word' id='word_1_150' title='bbox 1066 1709 1095 1751; x_wconf 77' lang='lat' dir='ltr'><strong>aa,</strong></span> <span class='ocrx_word' id='word_1_151' title='bbox 1106 1710 1128 1744; x_wconf 75' lang='lat' dir='ltr'><strong>aa</strong></span> 
     </span>
     <span class='ocr_line' id='line_1_19' title="bbox 76 1765 1085 1849; baseline -0.004 -15"><span class='ocrx_word' id='word_1_152' title='bbox 76 1772 187 1834; x_wconf 87' lang='lat' dir='ltr'><strong>sativis</strong></span> <span class='ocrx_word' id='word_1_153' title='bbox 212 1768 365 1829; x_wconf 92' lang='lat' dir='ltr'><strong>admodum</strong></span> <span class='ocrx_word' id='word_1_154' title='bbox 380 1767 501 1846; x_wconf 89' lang='lat' dir='ltr'><strong>probata</strong></span> <span class='ocrx_word' id='word_1_155' title='bbox 515 1783 589 1845; x_wconf 91' lang='lat' dir='ltr'><strong>qnae</strong></span> <span class='ocrx_word' id='word_1_156' title='bbox 604 1767 706 1827; x_wconf 86' lang='lat' dir='ltr'><strong>Cllioia</strong></span> <span class='ocrx_word' id='word_1_157' title='bbox 721 1775 858 1842; x_wconf 69' lang='lat' dir='ltr'><strong>ruamur,</strong></span> <span class='ocrx_word' id='word_1_158' title='bbox 883 1767 955 1828; x_wconf 85' lang='lat' dir='ltr'><strong>lolio</strong></span> <span class='ocrx_word' id='word_1_159' title='bbox 973 1765 1085 1849; x_wconf 82' lang='lat' dir='ltr'><strong>Cappa·</strong></span> 
     </span>
     <span class='ocr_line' id='line_1_20' title="bbox 75 1851 659 1931; baseline -0.019 -11"><span class='ocrx_word' id='word_1_160' title='bbox 75 1859 204 1929; x_wconf 81' lang='lat' dir='ltr'><strong>dociae,</strong></span> <span class='ocrx_word' id='word_1_161' title='bbox 223 1853 253 1911; x_wconf 94' lang='lat' dir='ltr'><strong>ni</strong></span> <span class='ocrx_word' id='word_1_162' title='bbox 272 1852 397 1931; x_wconf 81' lang='lat' dir='ltr'><strong>crispum</strong></span> <span class='ocrx_word' id='word_1_163' title='bbox 412 1851 554 1929; x_wconf 85' lang='lat' dir='ltr'><strong>latiusque</strong></span> <span class='ocrx_word' id='word_1_164' title='bbox 572 1859 659 1910; x_wconf 90' lang='lat' dir='ltr'><strong>esset.</strong></span> 
     </span>
    </p>

    <p class='ocr_par' dir='ltr' id='par_1_4' title="bbox 39 1933 1128 2267">
     <span class='ocr_line' id='line_1_21' title="bbox 39 1933 1128 2018; baseline 0.003 -18"><span class='ocrx_word' id='word_1_165' title='bbox 39 1967 66 2009; x_wconf 80' lang='lat'><strong>20</strong></span> <span class='ocrx_word' id='word_1_166' title='bbox 146 1938 240 2018; x_wconf 88' lang='lat'>(39.)</span> <span class='ocrx_word' id='word_1_167' title='bbox 263 1935 366 2012; x_wconf 89' lang='lat' dir='ltr'><strong>Neque</strong></span> <span class='ocrx_word' id='word_1_168' title='bbox 387 1953 425 1996; x_wconf 82' lang='lat' dir='ltr'><strong>ex</strong></span> <span class='ocrx_word' id='word_1_169' title='bbox 446 1933 548 1995; x_wconf 87' lang='lat' dir='ltr'><strong>eodem</strong></span> <span class='ocrx_word' id='word_1_170' title='bbox 569 1951 680 2011; x_wconf 79' lang='lat' dir='ltr'><strong>genere</strong></span> <span class='ocrx_word' id='word_1_171' title='bbox 703 1941 823 2011; x_wconf 90' lang='lat' dir='ltr'><strong>possunt</strong></span> <span class='ocrx_word' id='word_1_172' title='bbox 843 1935 898 1996; x_wconf 88' lang='lat' dir='ltr'><strong>diei</strong></span> <span class='ocrx_word' id='word_1_173' title='bbox 919 1948 1128 2016; x_wconf 79' lang='lat' dir='ltr'><strong>nequeen129</strong></span> 
     </span>
     <span class='ocr_line' id='line_1_22' title="bbox 73 2018 1083 2097; baseline -0.007 -9"><span class='ocrx_word' id='word_1_174' title='bbox 73 2027 137 2088; x_wconf 92' lang='lat' dir='ltr'><strong>alio</strong></span> <span class='ocrx_word' id='word_1_175' title='bbox 155 2021 270 2097; x_wconf 89' lang='lat' dir='ltr'><strong>intubi,</strong></span> <span class='ocrx_word' id='word_1_176' title='bbox 289 2019 389 2079; x_wconf 88' lang='lat' dir='ltr'><strong>hiemis</strong></span> <span class='ocrx_word' id='word_1_177' title='bbox 405 2020 424 2077; x_wconf 91' lang='grc'><strong>11</strong></span> <span class='ocrx_word' id='word_1_178' title='bbox 439 2019 627 2096; x_wconf 82' lang='lat' dir='ltr'><strong>patientiores</strong></span> <span class='ocrx_word' id='word_1_179' title='bbox 644 2018 779 2095; x_wconf 83' lang='lat' dir='ltr'><strong>virusque</strong></span> <span class='ocrx_word' id='word_1_180' title='bbox 795 2019 1011 2097; x_wconf 83' lang='lat' dir='ltr'><strong>praeferentes,</strong></span> <span class='ocrx_word' id='word_1_181' title='bbox 1031 2023 1083 2082; x_wconf 87' lang='lat' dir='ltr'><strong>sed</strong></span> 
     </span>
     <span class='ocr_line' id='line_1_23' title="bbox 74 2100 1084 2179; baseline -0.005 -8"><span class='ocrx_word' id='word_1_182' title='bbox 74 2111 165 2171; x_wconf 85' lang='lat' dir='ltr'><strong>oanle</strong></span> <span class='ocrx_word' id='word_1_183' title='bbox 181 2123 245 2166; x_wconf 92' lang='lat' dir='ltr'><strong>non</strong></span> <span class='ocrx_word' id='word_1_184' title='bbox 260 2101 351 2164; x_wconf 82' lang='lat' dir='ltr'><strong>minus</strong></span> <span class='ocrx_word' id='word_1_185' title='bbox 365 2103 448 2179; x_wconf 75' lang='lat' dir='ltr'><strong>grati.</strong></span> <span class='ocrx_word' id='word_1_186' title='bbox 470 2109 604 2162; x_wconf 88' lang='lat' dir='ltr'><strong>seruntur</strong></span> <span class='ocrx_word' id='word_1_187' title='bbox 619 2117 708 2160; x_wconf 84' lang='lat' dir='ltr'><strong>verno</strong></span> <span class='ocrx_word' id='word_1_188' title='bbox 724 2100 839 2178; x_wconf 89' lang='lat' dir='ltr'><strong>plautae</strong></span> <span class='ocrx_word' id='word_1_189' title='bbox 855 2119 970 2178; x_wconf 91' lang='lat' dir='ltr'><strong>eornm,</strong></span> <span class='ocrx_word' id='word_1_190' title='bbox 986 2104 1084 2166; x_wconf 90' lang='lat' dir='ltr'><strong>ultimo</strong></span> 
     </span>
     <span class='ocr_line' id='line_1_24' title="bbox 71 2183 1083 2267; baseline -0.007 -12"><span class='ocrx_word' id='word_1_191' title='bbox 71 2213 150 2264; x_wconf 78' lang='lat' dir='ltr'><strong>uere</strong></span> <span class='ocrx_word' id='word_1_192' title='bbox 164 2187 391 2252; x_wconf 81' lang='lat' dir='ltr'><strong>transferuntur.</strong></span> <span class='ocrx_word' id='word_1_193' title='bbox 412 2194 457 2244; x_wconf 88' lang='lat' dir='ltr'><strong>est</strong></span> <span class='ocrx_word' id='word_1_194' title='bbox 472 2193 500 2245; x_wconf 91' lang='lat' dir='ltr'><strong>et</strong></span> <span class='ocrx_word' id='word_1_195' title='bbox 515 2186 666 2244; x_wconf 82' lang='lat' dir='ltr'><strong>erraticum</strong></span> <span class='ocrx_word' id='word_1_196' title='bbox 681 2183 805 2248; x_wconf 89' lang='lat' dir='ltr'><strong>intubum</strong></span> <span class='ocrx_word' id='word_1_197' title='bbox 819 2186 896 2262; x_wconf 93' lang='lat' dir='ltr'><strong>qnod</strong></span> <span class='ocrx_word' id='word_1_198' title='bbox 909 2186 938 2244; x_wconf 90' lang='lat' dir='ltr'><strong>in</strong></span> <span class='ocrx_word' id='word_1_199' title='bbox 947 2186 1083 2267; x_wconf 74' lang='lat' dir='ltr'><strong>Aegypto</strong></span> 
     </span>
    </p>
   </div>
   <div class='ocr_carea' id='block_1_4' title="bbox 71 2265 1230 2354">
    <p class='ocr_par' dir='ltr' id='par_1_5' title="bbox 71 2265 1230 2354">
     <span class='ocr_line' id='line_1_25' title="bbox 71 2265 1230 2354; baseline -0.017 -9"><span class='ocrx_word' id='word_1_200' title='bbox 71 2276 247 2340; x_wconf 81' lang='lat' dir='ltr'><strong>cichorium</strong></span> <span class='ocrx_word' id='word_1_201' title='bbox 273 2278 395 2345; x_wconf 67' lang='lat' dir='ltr'><strong>wisant,</strong></span> <span class='ocrx_word' id='word_1_202' title='bbox 423 2268 460 2328; x_wconf 78' lang='lat' dir='ltr'><strong>do</strong></span> <span class='ocrx_word' id='word_1_203' title='bbox 483 2285 541 2346; x_wconf 86' lang='lat' dir='ltr'><strong>quo</strong></span> <span class='ocrx_word' id='word_1_204' title='bbox 563 2267 748 2346; x_wconf 84' lang='lat' dir='ltr'><strong>pluraalias.</strong></span> <span class='ocrx_word' id='word_1_205' title='bbox 799 2265 946 2328; x_wconf 83' lang='lat' dir='ltr'><strong>Inventum</strong></span> <span class='ocrx_word' id='word_1_206' title='bbox 967 2271 1126 2353; x_wconf 61' lang='lat' dir='ltr'><strong>omnislffi</strong></span> <span class='ocrx_word' id='word_1_207' title='bbox 1202 2294 1230 2354; x_wconf 17' lang='lat'><strong>⁴·</strong></span> 
     </span>
    </p>
   </div>
   <div class='ocr_carea' id='block_1_5' title="bbox 23 2352 1126 3436">
    <p class='ocr_par' dir='ltr' id='par_1_6' title="bbox 23 2352 1126 3436">
     <span class='ocr_line' id='line_1_26' title="bbox 32 2352 1086 2440; baseline -0.009 -16"><span class='ocrx_word' id='word_1_208' title='bbox 32 2363 200 2440; x_wconf 60' lang='lat' dir='ltr'><strong>athyrsos</strong></span> <span class='ocrx_word' id='word_1_209' title='bbox 227 2354 279 2414; x_wconf 90' lang='lat' dir='ltr'><strong>vel</strong></span> <span class='ocrx_word' id='word_1_210' title='bbox 303 2353 374 2412; x_wconf 88' lang='lat' dir='ltr'><strong>lolia</strong></span> <span class='ocrx_word' id='word_1_211' title='bbox 398 2352 572 2412; x_wconf 86' lang='lat' dir='ltr'><strong>laotueamm</strong></span> <span class='ocrx_word' id='word_1_212' title='bbox 598 2367 759 2432; x_wconf 76' lang='lat' dir='ltr'><strong>prorogare</strong></span> <span class='ocrx_word' id='word_1_213' title='bbox 784 2352 880 2411; x_wconf 84' lang='lat' dir='ltr'><strong>urceis</strong></span> <span class='ocrx_word' id='word_1_214' title='bbox 903 2354 1034 2414; x_wconf 78' lang='lat' dir='ltr'><strong>conditos</strong></span> <span class='ocrx_word' id='word_1_215' title='bbox 1055 2364 1086 2414; x_wconf 88' lang='lat' dir='ltr'><strong>et</strong></span> 
     </span>
     <span class='ocr_line' id='line_1_27' title="bbox 67 2437 1126 2516; baseline -0.005 -9"><span class='ocrx_word' id='word_1_216' title='bbox 67 2444 212 2508; x_wconf 81' lang='lat' dir='ltr'><strong>recentis</strong></span> <span class='ocrx_word' id='word_1_217' title='bbox 235 2441 266 2498; x_wconf 90' lang='lat' dir='ltr'><strong>in</strong></span> <span class='ocrx_word' id='word_1_218' title='bbox 286 2438 389 2516; x_wconf 89' lang='lat' dir='ltr'><strong>patinis</strong></span> <span class='ocrx_word' id='word_1_219' title='bbox 414 2453 552 2515; x_wconf 80' lang='lat' dir='ltr'><strong>toquere.</strong></span> <span class='ocrx_word' id='word_1_220' title='bbox 596 2437 735 2496; x_wconf 84' lang='lat' dir='ltr'><strong>Sernntur</strong></span> <span class='ocrx_word' id='word_1_221' title='bbox 757 2437 888 2497; x_wconf 87' lang='lat' dir='ltr'><strong>lautuoae</strong></span> <span class='ocrx_word' id='word_1_222' title='bbox 910 2454 983 2498; x_wconf 90' lang='lat' dir='ltr'><strong>anno</strong></span> <span class='ocrx_word' id='word_1_223' title='bbox 1000 2445 1060 2499; x_wconf 90' lang='lat' dir='ltr'><strong>toto</strong></span> <span class='ocrx_word' id='word_1_224' title='bbox 1075 2447 1126 2502; x_wconf 80' lang='lat' dir='ltr'><strong>lito</strong></span> 
     </span>
     <span class='ocr_line' id='line_1_28' title="bbox 67 2520 1085 2605; baseline -0.008 -15"><span class='ocrx_word' id='word_1_225' title='bbox 67 2528 163 2592; x_wconf 89' lang='lat' dir='ltr'><strong>laetis</strong></span> <span class='ocrx_word' id='word_1_226' title='bbox 189 2533 223 2583; x_wconf 90' lang='lat' dir='ltr'><strong>et</strong></span> <span class='ocrx_word' id='word_1_227' title='bbox 246 2522 339 2598; x_wconf 76' lang='lat' dir='ltr'><strong>riguis</strong></span> <span class='ocrx_word' id='word_1_228' title='bbox 362 2521 605 2599; x_wconf 85' lang='lat' dir='ltr'><strong>stereoratisque,</strong></span> <span class='ocrx_word' id='word_1_229' title='bbox 633 2521 708 2580; x_wconf 86' lang='lat' dir='ltr'><strong>binis</strong></span> <span class='ocrx_word' id='word_1_230' title='bbox 729 2520 876 2605; x_wconf 78' lang='lat' dir='ltr'><strong>mensibus</strong></span> <span class='ocrx_word' id='word_1_231' title='bbox 898 2521 972 2581; x_wconf 87' lang='lat' dir='ltr'><strong>inter</strong></span> <span class='ocrx_word' id='word_1_232' title='bbox 986 2539 1085 2582; x_wconf 88' lang='lat' dir='ltr'><strong>semen</strong></span> 
     </span>
     <span class='ocr_line' id='line_1_29' title="bbox 65 2603 1086 2694; baseline -0.009 -20"><span class='ocrx_word' id='word_1_233' title='bbox 65 2615 274 2694; x_wconf 83' lang='lat' dir='ltr'><strong>plantamque</strong></span> <span class='ocrx_word' id='word_1_234' title='bbox 293 2613 322 2664; x_wconf 90' lang='lat' dir='ltr'><strong>et</strong></span> <span class='ocrx_word' id='word_1_235' title='bbox 336 2605 535 2664; x_wconf 87' lang='lat' dir='ltr'><strong>maturitatem.</strong></span> <span class='ocrx_word' id='word_1_236' title='bbox 559 2604 716 2681; x_wconf 81' lang='lat' dir='ltr'><strong>legitimum</strong></span> <span class='ocrx_word' id='word_1_237' title='bbox 729 2612 824 2664; x_wconf 87' lang='lat' dir='ltr'><strong>tamen</strong></span> <span class='ocrx_word' id='word_1_238' title='bbox 840 2622 856 2664; x_wconf 90' lang='lat' dir='ltr'><strong>a</strong></span> <span class='ocrx_word' id='word_1_239' title='bbox 871 2603 969 2664; x_wconf 89' lang='lat' dir='ltr'><strong>bmma</strong></span> <span class='ocrx_word' id='word_1_240' title='bbox 987 2623 1086 2665; x_wconf 91' lang='lat' dir='ltr'><strong>semen</strong></span> 
     </span>
     <span class='ocr_line' id='line_1_30' title="bbox 65 2687 1085 2769; baseline -0.01 -11"><span class='ocrx_word' id='word_1_241' title='bbox 65 2702 192 2767; x_wconf 83' lang='lat' dir='ltr'><strong>iacere,</strong></span> <span class='ocrx_word' id='word_1_242' title='bbox 210 2687 467 2769; x_wconf 83' lang='lat' dir='ltr'><strong>plantamlavonlo</strong></span> <span class='ocrx_word' id='word_1_243' title='bbox 477 2689 646 2763; x_wconf 80' lang='lat' dir='ltr'><strong>transferre,</strong></span> <span class='ocrx_word' id='word_1_244' title='bbox 663 2697 814 2747; x_wconf 88' lang='lat' dir='ltr'><strong>antsemen</strong></span> <span class='ocrx_word' id='word_1_245' title='bbox 821 2688 948 2764; x_wconf 84' lang='lat' dir='ltr'><strong>favonio,</strong></span> <span class='ocrx_word' id='word_1_246' title='bbox 961 2688 1085 2766; x_wconf 88' lang='lat' dir='ltr'><strong>plantam</strong></span> 
     </span>
     <span class='ocr_line' id='line_1_31' title="bbox 25 2770 1126 2860; baseline -0.002 -21"><span class='ocrx_word' id='word_1_247' title='bbox 25 2808 53 2852; x_wconf 77' lang='lat'><strong>30</strong></span> <span class='ocrx_word' id='word_1_248' title='bbox 65 2773 276 2860; x_wconf 79' lang='lat' dir='ltr'><strong>aequinoctio</strong></span> <span class='ocrx_word' id='word_1_249' title='bbox 290 2787 391 2831; x_wconf 85' lang='lat' dir='ltr'><strong>verno.</strong></span> <span class='ocrx_word' id='word_1_250' title='bbox 414 2771 498 2831; x_wconf 85' lang='lat' dir='ltr'><strong>albae</strong></span> <span class='ocrx_word' id='word_1_251' title='bbox 512 2787 643 2829; x_wconf 74' lang='lat' dir='ltr'><strong>maxume</strong></span> <span class='ocrx_word' id='word_1_252' title='bbox 660 2771 781 2828; x_wconf 89' lang='lat' dir='ltr'><strong>hiemem</strong></span> <span class='ocrx_word' id='word_1_253' title='bbox 799 2771 931 2831; x_wconf 81' lang='lat' dir='ltr'><strong>tolerant.</strong></span> <span class='ocrx_word' id='word_1_254' title='bbox 959 2770 1065 2832; x_wconf 86' lang='lat' dir='ltr'><strong>Umore</strong></span> <span class='ocrx_word' id='word_1_255' title='bbox 1077 2784 1126 2837; x_wconf 80' lang='lat'><strong>131</strong></span> 
     </span>
     <span class='ocr_line' id='line_1_32' title="bbox 38 2853 1086 2931; baseline -0.01 -6"><span class='ocrx_word' id='word_1_256' title='bbox 38 2895 43 2902; x_wconf 88' lang='lat'>.</span> <span class='ocrx_word' id='word_1_257' title='bbox 64 2865 173 2929; x_wconf 86' lang='lat' dir='ltr'><strong>omnia</strong></span> <span class='ocrx_word' id='word_1_258' title='bbox 197 2855 355 2919; x_wconf 85' lang='lat' dir='ltr'><strong>hortensia</strong></span> <span class='ocrx_word' id='word_1_259' title='bbox 376 2855 518 2930; x_wconf 81' lang='lat' dir='ltr'><strong>gaudent,</strong></span> <span class='ocrx_word' id='word_1_260' title='bbox 545 2863 574 2914; x_wconf 88' lang='lat' dir='ltr'><strong>et</strong></span> <span class='ocrx_word' id='word_1_261' title='bbox 588 2862 719 2912; x_wconf 79' lang='lat' dir='ltr'><strong>stercore</strong></span> <span class='ocrx_word' id='word_1_262' title='bbox 737 2854 894 2931; x_wconf 77' lang='lat' dir='ltr'><strong>praecipue</strong></span> <span class='ocrx_word' id='word_1_263' title='bbox 910 2853 1040 2916; x_wconf 87' lang='lat' dir='ltr'><strong>laotnoae</strong></span> <span class='ocrx_word' id='word_1_264' title='bbox 1056 2863 1086 2914; x_wconf 88' lang='lat' dir='ltr'><strong>et</strong></span> 
     </span>
     <span class='ocr_line' id='line_1_33' title="bbox 62 2936 1085 3026; baseline -0.011 -19"><span class='ocrx_word' id='word_1_265' title='bbox 62 2949 169 3026; x_wconf 83' lang='lat' dir='ltr'><strong>magis</strong></span> <span class='ocrx_word' id='word_1_266' title='bbox 194 2936 303 3002; x_wconf 88' lang='lat' dir='ltr'><strong>intubi.</strong></span> <span class='ocrx_word' id='word_1_267' title='bbox 347 2939 405 2996; x_wconf 87' lang='lat' dir='ltr'><strong>seri</strong></span> <span class='ocrx_word' id='word_1_268' title='bbox 427 2940 513 3000; x_wconf 86' lang='lat' dir='ltr'><strong>etiam</strong></span> <span class='ocrx_word' id='word_1_269' title='bbox 535 2937 649 2997; x_wconf 83' lang='lat' dir='ltr'><strong>radtoer</strong></span> <span class='ocrx_word' id='word_1_270' title='bbox 673 2937 768 2997; x_wconf 89' lang='lat' dir='ltr'><strong>inlitas</strong></span> <span class='ocrx_word' id='word_1_271' title='bbox 783 2937 848 2996; x_wconf 89' lang='lat' dir='ltr'><strong>limo</strong></span> <span class='ocrx_word' id='word_1_272' title='bbox 862 2938 982 2998; x_wconf 88' lang='lat' dir='ltr'><strong>interest</strong></span> <span class='ocrx_word' id='word_1_273' title='bbox 997 2947 1025 2996; x_wconf 92' lang='lat' dir='ltr'><strong>et</strong></span> <span class='ocrx_word' id='word_1_274' title='bbox 1040 2955 1085 2997; x_wconf 90' lang='lat' dir='ltr'><strong>re·</strong></span> 
     </span>
     <span class='ocr_line' id='line_1_34' title="bbox 63 3020 1084 3116; baseline -0.014 -22"><span class='ocrx_word' id='word_1_275' title='bbox 63 3033 151 3116; x_wconf 90' lang='lat' dir='ltr'><strong>pleri</strong></span> <span class='ocrx_word' id='word_1_276' title='bbox 168 3027 356 3100; x_wconf 89' lang='lat' dir='ltr'><strong>ablaqueata</strong></span> <span class='ocrx_word' id='word_1_277' title='bbox 371 3021 465 3080; x_wconf 90' lang='lat' dir='ltr'><strong>humo.</strong></span> <span class='ocrx_word' id='word_1_278' title='bbox 487 3020 599 3100; x_wconf 91' lang='lat' dir='ltr'><strong>quidam</strong></span> <span class='ocrx_word' id='word_1_279' title='bbox 611 3029 640 3080; x_wconf 92' lang='lat' dir='ltr'><strong>et</strong></span> <span class='ocrx_word' id='word_1_280' title='bbox 651 3020 735 3080; x_wconf 81' lang='lat' dir='ltr'><strong>aliter</strong></span> <span class='ocrx_word' id='word_1_281' title='bbox 745 3020 956 3101; x_wconf 86' lang='lat' dir='ltr'><strong>amplitudinem</strong></span> <span class='ocrx_word' id='word_1_282' title='bbox 969 3031 1084 3098; x_wconf 79' lang='lat' dir='ltr'><strong>augent,</strong></span> 
     </span>
     <span class='ocr_line' id='line_1_35' title="bbox 62 3104 1085 3186; baseline -0.014 -9"><span class='ocrx_word' id='word_1_283' title='bbox 62 3115 203 3186; x_wconf 81' lang='lat' dir='ltr'><strong>recisis,</strong></span> <span class='ocrx_word' id='word_1_284' title='bbox 231 3123 300 3168; x_wconf 90' lang='lat' dir='ltr'><strong>oum</strong></span> <span class='ocrx_word' id='word_1_285' title='bbox 323 3105 359 3167; x_wconf 92' lang='lat' dir='ltr'><strong>ad</strong></span> <span class='ocrx_word' id='word_1_286' title='bbox 380 3105 556 3182; x_wconf 90' lang='lat' dir='ltr'><strong>semipedem</strong></span> <span class='ocrx_word' id='word_1_287' title='bbox 571 3114 778 3177; x_wconf 81' lang='lat' dir='ltr'><strong>exoraverunt,</strong></span> <span class='ocrx_word' id='word_1_288' title='bbox 798 3105 922 3184; x_wconf 83' lang='lat' dir='ltr'><strong>fimoque</strong></span> <span class='ocrx_word' id='word_1_289' title='bbox 937 3104 1022 3164; x_wconf 88' lang='lat' dir='ltr'><strong>suillo</strong></span> <span class='ocrx_word' id='word_1_290' title='bbox 1040 3121 1085 3165; x_wconf 89' lang='lat' dir='ltr'><strong>re·</strong></span> 
     </span>
     <span class='ocr_line' id='line_1_36' title="bbox 23 3187 1086 3271; baseline -0.023 0"><span class='ocrx_word' id='word_1_291' title='bbox 23 3230 52 3271; x_wconf 76' lang='lat' dir='ltr'><strong>aa</strong></span> <span class='ocrx_word' id='word_1_292' title='bbox 65 3201 154 3266; x_wconf 88' lang='lat' dir='ltr'><strong>oenti</strong></span> <span class='ocrx_word' id='word_1_293' title='bbox 179 3191 291 3256; x_wconf 87' lang='lat' dir='ltr'><strong>inlitis.</strong></span> <span class='ocrx_word' id='word_1_294' title='bbox 322 3189 476 3248; x_wconf 85' lang='lat' dir='ltr'><strong>eandorem</strong></span> <span class='ocrx_word' id='word_1_295' title='bbox 496 3205 566 3249; x_wconf 86' lang='lat' dir='ltr'><strong>vero</strong></span> <span class='ocrx_word' id='word_1_296' title='bbox 586 3197 686 3268; x_wconf 90' lang='lat' dir='ltr'><strong>putant</strong></span> <span class='ocrx_word' id='word_1_297' title='bbox 703 3190 871 3266; x_wconf 77' lang='lat' dir='ltr'><strong>contingere</strong></span> <span class='ocrx_word' id='word_1_298' title='bbox 889 3190 924 3248; x_wconf 89' lang='lat' dir='ltr'><strong>iis</strong></span> <span class='ocrx_word' id='word_1_299' title='bbox 942 3187 1086 3248; x_wconf 86' lang='lat' dir='ltr'><strong>dumtaxat</strong></span> 
     </span>
     <span class='ocr_line' id='line_1_37' title="bbox 65 3271 1084 3368; baseline -0.016 -20"><span class='ocrx_word' id='word_1_300' title='bbox 65 3304 152 3368; x_wconf 89' lang='lat' dir='ltr'><strong>quae</strong></span> <span class='ocrx_word' id='word_1_301' title='bbox 178 3279 245 3340; x_wconf 84' lang='lat' dir='ltr'><strong>sint</strong></span> <span class='ocrx_word' id='word_1_302' title='bbox 270 3273 387 3332; x_wconf 84' lang='lat' dir='ltr'><strong>seminis</strong></span> <span class='ocrx_word' id='word_1_303' title='bbox 411 3271 468 3332; x_wconf 90' lang='lat' dir='ltr'><strong>albi</strong></span> <span class='ocrx_word' id='word_1_304' title='bbox 476 3315 484 3345; x_wconf 90' lang='lat'><strong>,</strong></span> <span class='ocrx_word' id='word_1_305' title='bbox 513 3275 537 3332; x_wconf 88' lang='lat' dir='ltr'><strong>sl</strong></span> <span class='ocrx_word' id='word_1_306' title='bbox 561 3273 667 3333; x_wconf 88' lang='lat' dir='ltr'><strong>lrarena</strong></span> <span class='ocrx_word' id='word_1_307' title='bbox 690 3273 726 3332; x_wconf 90' lang='lat' dir='ltr'><strong>de</strong></span> <span class='ocrx_word' id='word_1_308' title='bbox 740 3273 824 3333; x_wconf 88' lang='lat' dir='ltr'><strong>litore</strong></span> <span class='ocrx_word' id='word_1_309' title='bbox 846 3289 863 3332; x_wconf 92' lang='lat' dir='ltr'><strong>a</strong></span> <span class='ocrx_word' id='word_1_310' title='bbox 885 3273 976 3351; x_wconf 92' lang='lat' dir='ltr'><strong>primo</strong></span> <span class='ocrx_word' id='word_1_311' title='bbox 992 3272 1084 3332; x_wconf 89' lang='lat' dir='ltr'><strong>inore·</strong></span> 
     </span>
     <span class='ocr_line' id='line_1_38' title="bbox 62 3356 1085 3436; baseline -0.014 -6"><span class='ocrx_word' id='word_1_312' title='bbox 62 3377 174 3435; x_wconf 88' lang='lat' dir='ltr'><strong>mento</strong></span> <span class='ocrx_word' id='word_1_313' title='bbox 200 3364 387 3430; x_wconf 79' lang='lat' dir='ltr'><strong>congeratur</strong></span> <span class='ocrx_word' id='word_1_314' title='bbox 408 3356 437 3416; x_wconf 89' lang='lat' dir='ltr'><strong>in</strong></span> <span class='ocrx_word' id='word_1_315' title='bbox 458 3356 566 3418; x_wconf 89' lang='lat' dir='ltr'><strong>medias</strong></span> <span class='ocrx_word' id='word_1_316' title='bbox 588 3365 674 3436; x_wconf 87' lang='lat' dir='ltr'><strong>atque</strong></span> <span class='ocrx_word' id='word_1_317' title='bbox 693 3356 884 3417; x_wconf 88' lang='lat' dir='ltr'><strong>inoresoentia</strong></span> <span class='ocrx_word' id='word_1_318' title='bbox 899 3356 969 3416; x_wconf 86' lang='lat' dir='ltr'><strong>lolia</strong></span> <span class='ocrx_word' id='word_1_319' title='bbox 987 3365 1085 3416; x_wconf 88' lang='lat' dir='ltr'><strong>eontra</strong></span> 
     </span>
    </p>
   </div>
   <div class='ocr_carea' id='block_1_6' title="bbox 61 3444 927 3600">
    <p class='ocr_par' dir='ltr' id='par_1_7' title="bbox 61 3444 927 3600">
     <span class='ocr_line' id='line_1_39' title="bbox 61 3444 359 3538; baseline -0.05 -19"><span class='ocrx_word' id='word_1_320' title='bbox 61 3462 155 3538; x_wconf 84' lang='lat' dir='ltr'><strong>ipsas</strong></span> <span class='ocrx_word' id='word_1_321' title='bbox 171 3444 359 3537; x_wconf 77' lang='lat' dir='ltr'><strong>religentur.</strong></span> 
     </span>
     <span class='ocr_line' id='line_1_40' title="bbox 110 3522 927 3600; baseline -0.018 -1"><span class='ocrx_word' id='word_1_322' title='bbox 110 3555 190 3600; x_wconf 76' lang='lat' dir='ltr'><strong>auru.</strong></span> <span class='ocrx_word' id='word_1_323' title='bbox 207 3544 282 3590; x_wconf 76' lang='lat' dir='ltr'><strong>nnn·</strong></span> <span class='ocrx_word' id='word_1_324' title='bbox 298 3542 365 3586; x_wconf 76' lang='lat' dir='ltr'><strong>rust.</strong></span> <span class='ocrx_word' id='word_1_325' title='bbox 383 3525 438 3582; x_wconf 89' lang='lat' dir='ltr'><strong>Ill·</strong></span> <span class='ocrx_word' id='word_1_326' title='bbox 888 3522 927 3584; x_wconf 80' lang='lat'><strong>12</strong></span> 
     </span>
    </p>
   </div>
   <div class='ocr_carea' id='block_1_7' title="bbox 0 0 1280 3866">
    <p class='ocr_par' dir='ltr' id='par_1_8' title="bbox 0 0 1280 3866">
     <span class='ocr_line' id='line_1_41' title="bbox 0 0 1280 3866; baseline 0 1"><span class='ocrx_word' id='word_1_327' title='bbox 0 0 1280 3866; x_wconf 95' lang='lat' dir='ltr'><strong> </strong></span> 
     </span>
    </p>
   </div>
  </div>
 </body>
</html>
