2534 3866
84 253 96 276 ,
198 203 238 264 54
533 213 835 266 cmmemores

196 370 304 447 primo,
320 367 387 448 plus
401 387 505 450 aspera
517 378 545 429 et
559 385 633 446 quae
647 369 674 426 in
690 367 795 428 berbes
810 383 868 426 nou
880 367 1041 444 effunditur,
1058 367 1185 447 alioquin

196 455 323 512 novitate
348 469 544 533 queecumque
567 451 653 509 luerit
675 452 766 511 solum
790 451 904 526 laedet,
932 469 968 510 ne
999 453 1041 510 sic
1069 454 1185 530 quidem

196 538 288 614 primo
304 555 377 598 enno
394 533 505 600 iabtilis.
537 535 657 592 interest
678 545 707 594 et
727 534 803 613 quali
825 535 889 594 solo
912 544 1073 614 quaeratur.
1105 537 1184 595 sicca

196 622 270 680 enim
285 622 380 682 umido
395 621 504 693 melior,
521 615 600 676 arido
615 618 739 694 pinguis.
769 627 928 696 temperato
941 618 1087 694 ullamne,
1103 629 1184 678 creta

196 705 245 765 vel
261 705 432 777 columbina,
449 700 591 760 convenit.
1193 723 1205 763 s

154 796 188 852 49
260 791 289 850 9.
313 789 375 866 (5.)
399 783 608 860 Transpadanis
633 783 737 842 cineris
760 801 828 843 osus
850 783 923 844 adeo
945 785 1043 862 placet
1057 792 1088 844 nt
1104 791 1183 845 antc-

195 879 302 951 ponant
322 873 386 930 limo
409 870 597 926 iumentorum
611 866 705 964 quod,
727 867 793 944 quia
815 867 988 927 levissimum
1011 877 1071 943 est,
1093 869 1131 929 ob
1155 870 1184 929 id

196 963 322 1016 exarant
351 961 472 1028 utroque
490 958 584 1009 tamen
600 951 708 1028 pariter
722 967 779 1010 non
793 959 909 1011 utuntur
929 952 957 1010 ln
978 913 1081 1011 eodenb
1099 971 1181 1027 arvo,

195 1041 292 1099 necin
309 1035 430 1094 arbustis
447 1034 561 1108 cinere,
577 1050 632 1092 nec
648 1033 784 1112 quasdam
806 1033 841 1094 ad
858 1035 975 1112 fruges,
997 1043 1028 1093 ut
1043 1035 1180 1094 dicemus

84 1129 86 1134 '
196 1125 265 1184 Sunt
288 1119 334 1196 qui
356 1117 476 1195 pulvere
499 1133 615 1194 quoque
636 1135 707 1176 uvas
729 1117 766 1177 ali
789 1119 914 1178 iudicent
937 1118 1216 1196 pubescentisqnem

193 1204 344 1283 pulverent
363 1209 392 1260 et
408 1201 505 1259 vitium
516 1201 713 1299 arborumque
725 1183 870 1261 'radicibus
888 1202 1071 1280 adspergant.
1103 1203 1181 1302 quod

194 1294 301 1346 certum
322 1293 367 1342 est
380 1282 562 1343 Narbonensi
583 1285 767 1361 provinciae,
789 1293 818 1342 et
839 1285 996 1346 vindemias
1014 1287 1121 1344 certius
1139 1288 1181 1346 sic

194 1369 288 1446 coqui,
303 1367 426 1445 plusque
442 1367 535 1446 pulvis
550 1366 590 1426 ibi
605 1384 689 1445 quam
705 1368 750 1426 sol
766 1367 889 1428 coniert.

60 1453 64 1461 '
152 1467 185 1517 50
254 1449 317 1532 (6.)
340 1449 409 1508 llrmr
424 1451 523 1530 plures
536 1450 803 1528 drlierentree‚1psa
819 1468 868 1510 res
881 1453 1006 1530 antique
1036 1469 1090 1512 nam
1105 1455 1180 1531 apud

191 1527 344 1595 Homerum
357 1537 456 1612 regios
473 1549 564 1594 senex
579 1553 675 1611 agrum
693 1535 731 1593 ite
746 1534 904 1594 laetificans
921 1537 979 1595 suis
992 1534 1118 1596 manibus
1131 1555 1177 1596 re·
1191 1558 1215 1597 ιι

191 1619 309 1698 peritur.
344 1618 462 1695 Augeas
477 1637 530 1678 rex
547 1619 576 1678 in
593 1617 714 1678 Graecia
732 1619 917 1694 excogitasse
933 1618 1068 1694 traditur,
1087 1619 1179 1680 divol-

192 1721 280 1780 gasse
294 1720 366 1764 vero
381 1702 546 1762 Hercules
537 1721 565 1760 ur
580 1701 679 1776 ltalia,
704 1718 778 1778 qnae
795 1703 858 1776 regi
873 1719 926 1769 suo
941 1703 1076 1762 Stercuto
1090 1701 1181 1763 Fauni

192 1787 251 1846 lrlio
267 1787 304 1847 ob
318 1786 375 1846 hoc
390 1787 533 1845 inventum
556 1783 784 1844 inmortalitatem
800 1785 904 1844 tribuit.
935 1785 973 1844 ll.
990 1785 1083 1845 Varro
1100 1789 1181 1864 prin·
1258 1849 1259 1866 q

193 1871 315 1948 cipetum
335 1869 383 1928 dat
406 1869 550 1928 turdorum
574 1868 639 1928 fimo
660 1885 698 1926 ex
719 1869 849 1943 aviariis,
874 1867 949 1945 quod
972 1870 1056 1929 etiam
1070 1869 1179 1948 pabulo
1258 1871 1259 1876 ’

193 1953 278 2012 boum
295 1967 432 2029 suumque
448 1951 625 2027 magnificat,
646 1969 740 2029 neque
762 1952 819 2012 alio
835 1951 901 2014 cibo
918 1952 1043 2024 celerius
1057 1954 1213 2032 pingue-rc

192 2052 278 2094 scere
301 2035 462 2094 adseverat.
500 2035 535 2094 de
556 2036 662 2094 nostris
683 2037 810 2094 moribus
829 2034 904 2094 bene
926 2053 1045 2113 sperare
1068 2045 1131 2116 est,
1155 2041 1179 2097 si

192 2127 269 2178 tanta
283 2119 357 2196 apud
374 2119 497 2177 maiores
511 2118 592 2177 luere
609 2120 730 2194 aviaria,
750 2128 778 2178 ut
792 2137 829 2178 ex
842 2119 886 2178 his
903 2121 965 2196 agri
981 2129 1177 2180 stercorareu·
1257 2147 1258 2190 ι

67 2240 76 2254 x
150 2215 183 2266 51
195 2211 249 2261 tur.
281 2202 449 2262 Proxumum
466 2201 626 2262 Columella
642 2201 839 2276 columberiis,
856 2219 923 2260 mox
935 2202 1092 2278 gallinariis
1108 2205 1179 2264 lacit
1257 2199 1258 2233 ¹

192 2287 343 2346 natantium
358 2285 453 2344 alitum
464 2285 604 2345 damnato.
633 2287 723 2344 ceteri
738 2294 873 2344 auctores
885 2301 1027 2343 consensu
1037 2285 1177 2348 humanas

95 2385 98 2390 ·
193 2370 274 2447 dapis
292 2368 327 2426 ed
348 2368 404 2428 hoc
419 2369 546 2445 inprimis
561 2369 710 2428 advocent.
737 2367 784 2427 alii
800 2386 838 2427 ex
851 2368 895 2427 bis
909 2369 1075 2446 ptaelerunt
1090 2379 1211 2447 potusrs
1256 2441 1257 2450 χ

192 2452 333 2511 bominum
346 2452 375 2509 in
391 2451 574 2528 coriariorum
586 2450 708 2509 cilicinis
724 2452 782 2528 pilo
794 2451 965 2527 madefacto,
979 2451 1026 2512 alii
1040 2470 1093 2530 per
1107 2473 1176 2514 sese
1256 2463 1257 2500 t

87 2579 90 2582 -
193 2551 265 2611 aqua
287 2533 387 2592 iterum
413 2533 578 2612 largiusque
606 2535 691 2592 etiam
716 2551 798 2611 quam
826 2552 888 2594 cum
912 2535 1017 2594 bibitur
1041 2536 1176 2598 admixta.
1256 2519 1257 2567 ¹

192 2617 299 2695 quippe
320 2616 385 2692 plus
407 2617 460 2676 iam
476 2616 514 2675 ibi
528 2616 594 2676 meli
612 2617 779 2676 domandum
795 2626 853 2693 est,
878 2634 940 2677 cum
961 2618 997 2678 ad
1012 2620 1090 2678 virus
1105 2621 1178 2682 illud

192 2700 249 2758 vini
268 2700 355 2758 bomo
376 2701 543 2759 accesserit.
581 2700 654 2759 haec
674 2709 738 2759 sunt
758 2700 1034 2778 certaminq·quibus
1051 2703 1176 2764 invicem
1255 2753 1256 2756 ι

150 2782 229 2846 52ad
256 2782 389 2842 tellurem
415 2781 529 2860 quoque
559 2781 688 2844 alendam
715 2793 828 2843 utuntur
852 2783 990 2844 homines.
1032 2785 1213 2847 Pronumeso

191 2865 585 2947 spurcitiessuumlaudant‚
601 2863 761 2925 Columella
777 2867 857 2925 aolus
873 2866 993 2928 damnat.
1017 2869 1175 2929 eliicnius-
1255 2851 1256 2899 ¹

192 2966 313 3028 cumque
331 2949 513 3026 quadripedis
529 2967 567 3008 ex
582 2951 691 3024 cytiso,
709 2947 795 3025 aliqui
807 2949 981 3011 columbaria
995 2951 1173 3030 praeierunt
1254 3007 1255 3012 ,

190 3048 358 3130 proxumum
374 3031 476 3090 deinde
493 3049 640 3108 caprarum
658 3041 718 3107 est,
739 3030 775 3090 ab
791 3031 848 3092 boo
867 3035 974 3131 ouium,
994 3034 1061 3093 dein
1076 3035 1173 3111 boum,
1254 3029 1255 3078 ¹

149 3115 372 3177 53norissimum
388 3113 583 3174 iumentorum.
604 3115 664 3174 Hae
677 3115 758 3175 luere
765 3115 845 3214 ‘apud
860 3117 972 3194 priscos
984 3117 1173 3194 differentiae,

192 3197 331 3274 simulque
354 3205 512 3275 praecepte
525 3230 566 3241 -
576 3198 672 3274 plura
691 3213 747 3256 nou
763 3198 933 3258 invenio-
947 3201 1043 3260 rettuli
1065 3202 1174 3282 utendi,
1183 3222 1212 3265 es

191 3279 304 3357 quando
312 3289 341 3338 et
351 3279 398 3338 lnc
409 3289 536 3339 vetustas
546 3281 650 3341 ntrlror
665 3281 813 3358 visumque
825 3283 878 3340 iarn
891 3291 937 3342 est
948 3283 1025 3360 apud
1035 3285 1174 3361 quosdam
1253 3297 1254 3340 ι

190 3362 441 3439 provincielium
432 3381 460 3422 ιιι
480 3372 584 3422 tantum
607 3363 765 3422 abundante
786 3364 892 3440 geniali
916 3367 1000 3442 copia
1029 3367 1174 3444 pecudum

191 3443 297 3504 tarinae
311 3447 376 3505 vice
396 3445 497 3507 cribris
512 3447 668 3525 superinicr
660 3445 795 3508 lectore
820 3448 1015 3526 adspectuqee
1031 3451 1174 3527 temporis
