2534 3866
384 165 466 214 aar.
484 163 576 214 men.
590 163 662 212 xvr.
681 159 725 216 eo.
746 149 900 236 (σε-66.)
1067 152 1106 216 31

17 313 21 323 ’
108 323 341 402 obsequiumque
352 285 410 400 quo
418 319 508 380 libeat
519 318 597 379 llecti
605 275 759 380 calefacto.
771 319 1109 384 Differentiasiacicntet

106 409 181 471 folia
195 423 253 466 non
267 399 358 466 moda
369 403 558 478 multitudine,
574 420 671 462 verum
688 413 718 463 et
731 403 842 464 colore.
864 406 942 466 varia
955 403 1106 466 Laconicis

109 501 140 554 et
160 489 198 551 ab
217 491 272 550 ima
284 497 367 568 parte
387 487 539 562 densiora,
556 487 649 565 qualis
665 487 693 546 in
707 495 802 547 totum
818 489 896 548 circa
911 496 1012 564 stagna
1027 489 1107 566 gigni

14 577 16 594 ⁸
107 583 212 657 putant
225 572 372 633 dissimilia
389 572 517 647 amnicis,
533 570 687 648 longisque
702 572 803 630 vestiri
826 572 905 631 foliis
920 572 1074 649 spatiosius
1090 590 1106 634 a

83 661 188 721 enoda
203 656 362 717 scandente
380 655 535 734 conplexu.
564 652 618 714 Est
635 663 664 714 et
685 653 804 733 obliqua
819 653 964 729 harundo,
987 672 1043 714 non
1057 657 1147 720 iulet

109 742 311 805 excelsitatem
325 756 461 816 aessens,
477 739 531 800 sed
546 738 623 798 iuxta
635 747 741 798 terram
753 739 864 799 huticis
877 737 963 798 modo
977 757 1010 798 se
1024 757 1105 817 spar-

14 835 15 838 ’
107 845 200 906 gens,
225 824 395 884 suavissima
419 823 449 883 in
471 822 624 882 teneritate
647 821 824 882 animalibus.
860 831 981 884 vocatur
1003 841 1020 882 a
1045 823 1106 900 qni·

109 910 231 972 busdam
262 907 368 984 elegia.
416 905 471 967 Est
497 915 527 965 et
551 907 579 965 in
604 903 686 966 ltalia
712 922 837 966 nascens
861 905 966 966 adarca
991 907 1107 966 nomine

14 995 15 1072 ξ
108 993 248 1074 palustris
264 1009 301 1051 ex
317 991 444 1067 cortice,
460 997 568 1050 tantam
584 988 637 1050 suh
654 991 833 1068 ipsacoma,
850 989 998 1062 utilissima
1014 990 1106 1050 denti·

14 1073 16 1140 l
77 1080 182 1149 robus,
206 1075 338 1154 quoniam
360 1075 405 1134 uis
427 1073 528 1136 eadem
549 1080 595 1133 est
610 1089 683 1150 urnae
699 1074 801 1152 sinapi.
839 1073 884 1134 De
901 1072 1085 1134 Orchomenii
1100 1081 1150 1140 168

109 1164 192 1223 lacae
216 1158 411 1220 harundinetis
437 1157 600 1218 accuratius
624 1156 680 1216 dici
707 1159 787 1234 cogit
807 1159 956 1220 admiratio
979 1159 1105 1237 antiqua.

14 1267 15 1278 ¹
110 1245 264 1307 characian
282 1241 426 1311 vocabant
451 1242 624 1302 crassiorem
648 1240 876 1320 firmioremque,
902 1241 1013 1319 plotian
1032 1259 1106 1302 vero

110 1329 306 1402 subtiliorem,
328 1325 403 1386 hanc
417 1327 447 1386 in
460 1324 561 1384 irrsnlis
577 1324 749 1386 lluitantibus
762 1335 874 1403 natam,
896 1325 1016 1386 illumin
1033 1327 1106 1404 ripis

111 1410 301 1491 exspatiantis
315 1409 406 1470 lacus.
441 1411 527 1470 tertia
542 1417 588 1468 est
602 1407 731 1470 harundo
746 1408 852 1471 tibialis
869 1409 981 1486 calami,
997 1427 1083 1489 quem
1097 1419 1148 1475 169
1251 1415 1252 1440 ¹

80 1523 102 1560 15
110 1495 257 1557 auleticon
272 1493 415 1554 dicabant.
443 1510 520 1554 nono
536 1493 584 1554 hic
602 1509 676 1552 anno
691 1493 874 1554 nascebatur.
901 1511 965 1553 nam
980 1503 1009 1554 et
1024 1494 1106 1555 lacus

110 1583 288 1640 incrementa
313 1577 370 1637 hoc
392 1577 533 1656 temporis
556 1577 650 1654 spatio
675 1576 825 1652 seruabat,
853 1577 1055 1654 prodigiosus,
1081 1579 1107 1638 si
1162 1599 1173 1618 ·-
1209 1615 1212 1628 ·

14 1679 16 1756 ὲ
111 1662 225 1740 quando
240 1661 452 1739 amplitudinem
466 1661 582 1721 biennio
593 1660 784 1740 extendisset,
801 1660 877 1737 quod
888 1669 1014 1720 notatum
1030 1661 1107 1738 apud

112 1745 303 1808 Chaeroniam
318 1745 441 1805 infausto
457 1744 674 1805 Atheniensium
691 1751 721 1802 et
740 1760 842 1822 saepe.
869 1741 1041 1804 Lebadia**
1054 1761 1105 1804 uo-

112 1839 192 1891 catur
203 1828 340 1890 induente
349 1827 487 1907 Cephiso.
522 1845 585 1888 cum
596 1829 682 1906 igitur
694 1845 768 1888 anno
780 1828 938 1906 permansit
949 1828 1105 1902 inundatio,

77 1913 265 1994 caproficiant
280 1913 308 1971 in
323 1912 538 1990 aucupatoriam
553 1929 669 1991 quoqne
680 1912 901 1990 amplitudinem.
929 1911 1106 1972 vocabantur
1172 1961 1179 1984 s

112 1998 255 2074 eadgitae.
285 2004 386 2056 contra
400 1994 572 2069 bombyciae
587 1998 723 2055 maturius
739 1997 894 2074 reciproco
909 1997 1047 2074 graciles,
1063 1995 1105 2054 fe·

111 2083 249 2141 minarum
262 2079 367 2140 latiare
382 2079 453 2138 lolio
470 2081 563 2158 atque
575 2078 757 2155 candidiore,
778 2079 891 2139 modica
901 2081 1041 2157 lanugine
1057 2087 1106 2140 aut
1191 2119 1193 2124 .

113 2166 226 2225 omnino
241 2163 320 2223 nulla
335 2161 494 2242 spadonum
509 2161 622 2222 nomine
638 2161 806 2238 insignibus.
843 2161 915 2221 Hinc
938 2172 1019 2222 erant
1040 2181 1083 2223 ar·
1096 2171 1147 2229 170

111 2257 252 2309 mamenta
274 2245 309 2308 ad
325 2246 455 2307 inclusos
477 2254 594 2321 cantus,
621 2262 678 2328 non
698 2244 810 2306 silendo
832 2245 995 2322 etreliqua
1018 2264 1106 2308 curae

77 2332 266 2406 semiraaalo,
278 2340 308 2391 ot
318 2332 403 2390 venia
416 2332 452 2390 sit
463 2339 584 2407 argento
600 2330 654 2391 iam
666 2331 763 2408 potius
778 2329 850 2389 cani.
874 2328 956 2394 caedi
970 2326 1106 2390 solebant

111 2416 303 2494 tempestivae
319 2413 459 2492 usquead
473 2413 674 2491 Antigeniden
686 2414 844 2488 tibicinem,
861 2429 924 2473 cum
935 2413 1029 2475 adhuc
1040 2413 1104 2472 sim·

111 2500 181 2578 plici
196 2499 305 2558 musica
322 2507 479 2572 uterentur,
491 2498 546 2578 sub
563 2507 688 2558 arcturo.
719 2497 762 2557 sic
785 2508 974 2577 praeparatae
996 2497 1106 2576 aliquot

111 2592 180 2662 post
196 2598 287 2642 annos
308 2581 393 2641 utiles
415 2599 482 2640 esse
501 2581 694 2660 incipiebant,
716 2589 783 2642 tanc
800 2599 917 2661 qucum
931 2582 1018 2642 multa
1033 2581 1083 2641 do·
1098 2587 1146 2643 l'll

111 2667 233 2727 mundae
249 2666 457 2726 exercitatione
479 2673 508 2723 et
529 2683 634 2726 canere
650 2664 737 2724 tibiae
757 2667 840 2744 ipsae
855 2663 1016 2743 docendae,
1036 2681 1104 2725 con-

74 2750 300 2831 scprimentibus
318 2769 351 2810 se
375 2749 506 2828 lingulis,
524 2747 679 2826 quoderat
701 2747 759 2807 illis
780 2749 955 2809 theatrorum
977 2748 1105 2808 moribus

111 2831 220 2894 utilius.
248 2843 400 2912 postquam
411 2833 537 2895 varietas
554 2833 679 2892 accessit
693 2839 723 2890 et
739 2841 838 2893 cautus
853 2849 968 2911 quoque
983 2831 1105 2906 luxoria,

14 2921 15 2930 ’
112 2917 197 2979 caedi
211 2925 278 2977 ante
295 2917 415 2978 solstitia
429 2925 551 2994 coeptae
568 2921 598 2973 et
612 2915 674 2976 heri
685 2914 771 2974 utiles
781 2916 809 2976 iu
820 2917 942 2991 trimatu,
953 2915 1105 2993 apertiori*

14 3021 16 3072 l

110 3001 166 3062 bos
191 3019 287 3060 earnm
306 3000 422 3076 lingulis
443 3001 479 3060 ad
501 2998 661 3060 flectendos
682 3015 788 3073 sonos,
813 3017 887 3078 qaae
912 2999 978 3058 inde
994 3005 1059 3056 sunt
1076 3007 1105 3056 et

110 3083 210 3146 hodia.
239 3084 360 3144 sedtum
373 3101 410 3142 en
425 3101 474 3143 saa
488 3100 629 3163 quamque
640 3091 745 3148 tantum
755 3081 913 3143 harundine
925 3097 1088 3158 congruere
1096 3089 1147 3144 litt

73 3184 282 3247 aspersnasum
304 3177 382 3244 erat,
405 3176 433 3226 et
455 3185 517 3227 eam
536 3184 610 3246 qnae
629 3165 759 3226 radicem
780 3174 979 3226 antecesserat
1001 3165 1104 3225 laeuae

14 3267 15 3272 ¹
109 3252 203 3311 tibiae
216 3251 383 3328 convenire,
400 3267 473 3330 quae
486 3267 622 3310 cacumen
638 3249 788 3326 dexterae,
800 3250 954 3310 inmensum
970 3257 1103 3327 quantum

14 3365 16 3432 l
111 3335 252 3415 praelatis
271 3352 341 3412 quas
360 3337 423 3413 ipse
442 3331 585 3411 Cephisus
603 3333 751 3394 abluisset.
787 3351 860 3393 nunc
882 3333 1033 3394 sacrificae
1047 3332 1102 3392 Tn-

14 3439 16 3470 a
111 3435 229 3480 scoram
245 3435 263 3478 c
279 3417 372 3495 buxo,
394 3418 521 3480 ludicrae
541 3435 612 3479 vero
633 3435 649 3477 e
670 3418 731 3479 loto
749 3416 920 3496 ossibusque
942 3417 1057 3478 asininis
1074 3422 1104 3474 et

14 3509 16 3586 l
