2552 3866
169 221 227 284 148
509 226 817 277 c.1>u1u1sucuun1

166 387 294 467 possint:
324 383 458 463 quotiens
480 381 516 444 ab
539 382 691 443 occidente
715 381 780 441 sole
803 388 937 440 cernetur
960 377 1165 457 prioribusque

166 471 260 530 noctis
275 464 354 530 hc'ris
369 467 494 544 lucebit,
517 483 655 526 crescens
671 466 725 525 erit
742 475 771 524 et
786 464 880 524 oculis
899 462 1041 522 dimidiata
1056 462 1164 522 indica-

167 554 262 630 bitur,
285 571 348 613 cunr
370 569 442 612 vero
461 549 613 612 occidente
633 549 697 608 sole
719 549 828 609 orietur
851 565 888 607 cx
910 547 1052 630 adverso,
1076 547 1115 604 ita
1134 555 1165 605 ut

166 638 276 717 pariter
290 637 502 714 adspiciantur‚
522 643 580 692 tum
601 633 655 692 erit
670 632 866 711 plenilunium.
900 631 1035 709 quotiens
1050 628 1086 688 ab
1101 639 1166 690 ortu

166 721 238 781 solis
252 721 362 780 orietur
380 717 584 798 prioribusque
603 717 698 775 noctis
720 716 800 776 horis
816 714 949 776 detrabat
968 713 1064 773 lumen
1086 723 1116 772 et
1136 715 1188 773 inc

165 805 280 864 diurnas
297 804 447 878 extendet,
460 800 637 861 decrescens
651 800 706 858 erit
721 801 882 876 iterumque
894 797 1024 873 dimidia,
1043 797 1071 855 in
1087 797 1165 857 coitu

123 899 265 964 stetero,
281 887 360 966 quod
375 884 555 944 interlunium
566 891 682 958 vocant,
696 899 760 943 cum
771 881 913 960 adparere
924 881 1053 941 desierit.
1078 898 1165 959 supra

166 982 259 1032 terras
274 981 368 1030 autern
386 971 441 1028 erit
454 967 586 1046 quamdiu
604 975 632 1026 et
648 966 693 1027 sol
709 967 863 1026 interlunio
879 973 910 1024 et
922 966 1012 1043 prima
1027 974 1088 1025 tota
1106 964 1164 1042 die,

165 1055 293 1116 secunda
309 1055 400 1113 horae
414 1051 509 1110 noctis
523 1052 605 1110 unius
621 1051 758 1112 dextante
775 1050 906 1124 sicilico,
930 1065 965 1108 ac
984 1049 1088 1109 deinde
1107 1058 1164 1108 ter·

165 1141 203 1199 tia
228 1147 258 1197 et
279 1153 373 1216 nsque
397 1147 453 1195 xv.
468 1134 667 1213 multiplicatis
688 1134 821 1195 bonarum
848 1132 950 1193 iisdem
972 1131 1163 1210 portionibus.
1176 1149 1200 1191 ru

164 1234 221 1281 xv.
238 1229 298 1279 toto
313 1227 509 1297 supratonsus
524 1227 611 1279 noctu
623 1220 677 1278 erit
693 1219 852 1296 eademque
866 1215 918 1276 snb
933 1217 1018 1276 terris
1030 1224 1089 1278 tota
1105 1217 1163 1276 die.

121 1316 173 1370 325
185 1316 255 1363 xvi.
279 1302 441 1382 adprimae
460 1302 551 1363 borae
571 1311 729 1362 nocturnae
754 1302 919 1361 dextantem
941 1299 1080 1359 sicilicum
1108 1299 1163 1358 sub

164 1397 241 1447 terra
256 1396 342 1466 aget,
371 1387 549 1464 easdemque
564 1387 715 1463 portiones
729 1385 865 1444 horarum
879 1402 933 1462 per
953 1383 1084 1461 singulos
1100 1383 1163 1443 dies

165 1470 271 1530 adiciet
287 1488 381 1548 nsque
407 1470 444 1529 od
468 1467 667 1544 interlunium,
700 1477 729 1527 et
748 1467 1008 1547 quantumprimis
1033 1467 1164 1546 partibus

163 1555 258 1614 noctis
278 1554 453 1628 detraxerit,
474 1551 551 1630 quod
573 1552 626 1612 sub
648 1554 735 1611 terris
751 1561 834 1629 agat,
856 1551 1021 1612 tantundem
1041 1552 1163 1610 novissi·
1175 1570 1198 1610 rs

163 1639 218 1697 mis
234 1656 272 1698 ex
289 1638 335 1697 die
360 1637 466 1699 adiciet
490 1654 577 1714 supra
600 1645 716 1697 terram.
753 1636 872 1696 alternis
898 1645 992 1696 autem
1016 1634 1163 1695 mensibus

164 1735 238 1782 xxx
251 1721 374 1800 inplebit
388 1736 534 1795 numeros,
549 1718 667 1779 alternis
681 1736 753 1780 vero
771 1719 904 1780 detrahet
916 1717 1056 1796 singulos.
1082 1717 1163 1778 llaec

166 1807 221 1866 erit
235 1807 308 1866 ratio
323 1805 440 1864 lunaris.
469 1813 618 1863 ventorum
629 1803 716 1881 paulo
732 1804 939 1883 scrupulosior.

122 1897 174 1954 326
237 1889 287 1949 33.
310 1889 393 1966 (76.)
418 1886 582 1946 Observato
608 1887 688 1947 solis
705 1896 769 1947 ortu
784 1885 977 1965 'quocumque
1002 1887 1047 1947 die
1073 1885 1162 1945 libeat

166 1970 304 2032 stantibus
320 1972 391 2031 horo
407 1970 464 2030 diei
479 1979 562 2029 sexta
578 1972 621 2030 sic
640 1979 670 2030 ut
692 1980 785 2031 crtum
800 1988 864 2029 eum
888 1989 905 2032 a
921 1972 1036 2030 sinistro
1062 1987 1162 2029 umero
1172 1995 1197 2036 20
1265 1983 1266 1988 ’

165 2054 301 2128 babeant,
325 2062 425 2113 contra
439 2054 561 2113 mediam
578 2053 681 2114 sociem
694 2055 830 2115 meridies
845 2063 874 2114 et
887 2072 903 2114 a
914 2057 1028 2115 vertice
1045 2063 1161 2132 septen·

166 2137 222 2196 trio
239 2138 303 2196 erit.
336 2139 384 2215 qui
398 2138 437 2196 ita
456 2137 538 2196 limes
563 2154 617 2215 per
643 2156 742 2214 agrurn
764 2139 851 2198 currit
871 2139 959 2200 cardo
987 2137 1160 2216 appellatur.

167 2221 322 2298 circumagi
337 2221 440 2281 deinde
454 2220 556 2280 melius
578 2231 640 2297 est,
662 2231 692 2282 ut
712 2221 839 2281 umbram
860 2239 940 2310 spiam
959 2224 1082 2300 quisque
1098 2239 1160 2281 cer·
1206 2294 1211 2302 .

123 2312 245 2380 attunt,
272 2304 399 2382 alioquin
412 2313 480 2382 post
494 2303 636 2364 bominem
651 2306 716 2365 erit.
736 2321 808 2382 ergo
828 2307 995 2384 permutatis
1011 2305 1161 2382 lateribus,

167 2397 197 2447 ut
211 2395 291 2447 ortus
314 2388 391 2447 illius
414 2389 503 2448 dicia
520 2388 623 2448 dextro
643 2405 742 2448 umero
763 2389 827 2466 liat,
848 2407 971 2449 occasus
993 2405 1009 2449 a
1031 2391 1196 2466 sinistrc‚25
1263 2399 1264 2410 ¹

165 2467 234 2530 tunc
248 2453 501 2546 critbora‘sexta,
525 2488 588 2530 cum
602 2472 723 2531 minuma
744 2471 844 2532 umbra
858 2481 957 2532 contra
972 2473 1096 2533 medium
1111 2473 1162 2534 liet

165 2553 317 2613 bominem.
349 2567 404 2632 per
418 2553 500 2612 buius
518 2554 639 2614 mediam
658 2554 863 2632 longitudinem
885 2557 951 2617 duci
965 2557 1080 2616 sarculo
1101 2557 1160 2616 sul-

166 2653 230 2695 cum
243 2637 293 2696 vel
314 2636 412 2695 cinere
427 2636 521 2697 liniam
540 2637 623 2697 verbi
642 2640 735 2714 gratia
756 2639 860 2717 pedum
879 2640 979 2716 viginti
996 2642 1159 2716 conveniat,

165 2719 345 2796 mediamque
359 2737 530 2798 mensuram,
551 2721 608 2782 boc
622 2731 668 2782 est
681 2723 710 2781 in
723 2723 845 2784 decumo
861 2723 947 2802 pede,
964 2724 1160 2784 circumscribi

123 2803 293 2868 auscirculo
306 2816 408 2882 parvo,
422 2805 469 2883 qui
479 2815 601 2865 vocetur
614 2805 775 2868 umbilicus.
799 2824 872 2886 quae
887 2824 955 2885 pars
967 2808 1054 2869 luerit
1066 2825 1083 2868 a
1094 2825 1159 2867 ver·
1169 2830 1195 2872 ao

166 2887 223 2946 tice
238 2887 368 2964 urnbrnc,
390 2888 464 2948 baec
479 2891 535 2949 erit
547 2898 649 2949 tentus
664 2891 906 2971 septentrionalis.
933 2893 983 2953 illo
999 2891 1061 2968 tibi,
1077 2901 1158 2970 puta·

165 2979 222 3046 tor,
245 2970 379 3031 arborum
395 2971 500 3050 plagae
514 2989 551 3032 ne
566 2983 709 3051 spectent,
724 2991 800 3034 neve
816 2975 932 3037 arbusta
947 2978 1088 3036 vineaeve
1103 2977 1159 3036 nisi

165 3053 194 3112 in
208 3053 323 3132 Africa,
343 3054 475 3134 Cyrenis,
494 3056 641 3136 Aegypto.
670 3057 749 3120 illinc
761 3057 847 3120 dante
863 3079 899 3119 ne
916 3069 1008 3135 arato,
1024 3077 1157 3140 quaeque

122 3135 222 3196 casalia
238 3141 460 3218 praecipiemus.
491 3158 565 3218 quae
584 3159 653 3220 pars
667 3141 752 3201 liniae
767 3142 880 3202 luerita
899 3143 1021 3219 pedibus
1037 3145 1156 3204 umbrae

164 3219 312 3281 meridiem
328 3232 477 3300 spectans,
496 3224 570 3284 baec
581 3227 696 3286 uentum
711 3234 835 3286 austrum
848 3224 927 3286 dabit
941 3243 1053 3305 querna
1067 3227 1153 3287 Grae·
1164 3245 1190 3288 aa

120 3308 200 3365 ³292.
211 3306 294 3365 nocis
305 3315 401 3366 notum
416 3306 537 3368 diximus
546 3310 656 3369 vocari.
683 3307 763 3370 illinc
777 3310 846 3370 llatu
859 3310 993 3370 veniente
1008 3311 1154 3370 nuteriam

163 3385 345 3466 vineamque,
362 3391 507 3468 agricola,
525 3409 562 3452 ne
580 3400 698 3452 tractes.
734 3393 844 3454 umidus
862 3403 911 3454 ant
933 3403 1084 3455 aestuosus
1099 3392 1152 3452 lta-

164 3467 220 3528 liae
236 3479 293 3547 est,
315 3470 432 3534 Africae
450 3475 563 3553 quidem
582 3475 713 3538 incendia
732 3495 795 3536 cum
815 3479 972 3539 serenitate
992 3477 1094 3537 ndlert.
1125 3477 1153 3536 in
