2512 3858
342 202 424 253 nur.
439 201 531 254 mrsu.
547 201 618 250 xvr.
636 197 723 290 Η.
740 189 856 273 (6-9.)
1068 199 1087 258 7

87 369 246 444 praeterea
256 358 323 420 aliia
336 365 438 432 ovata,
455 356 521 418 aliie
528 355 667 433 rotunda,
686 355 752 418 aliie
766 359 876 422 acutior
887 360 996 441 ligura,
1013 364 1088 426 siout

88 455 119 508 et
133 444 219 506 coloe
235 443 345 522 nigrior
357 439 546 502 candidiorve
561 441 610 520 qni
624 439 799 519 praefertur.
828 447 984 510 amaritudo
996 449 1025 508 in
1036 467 1086 510 ex·

85 524 543 602 tremitatibua,.rnediae.dulcea.
574 529 641 604 quin
656 533 686 586 et
703 524 830 604 pediculi
842 526 969 591 brevitas
981 549 1084 612 proce·

86 616 218 692 ritaaqua
235 610 426 674 differentiam
447 607 544 672 habet.
583 608 616 672 Iu
639 609 711 689 ipsis
734 626 805 670 vero
829 609 982 674 arboribus
1005 633 1079 695 qnae
1094 626 1129 679 at

65 713 249 760 emaxnnsam
264 694 322 755 lert
339 693 467 756 hemeris
481 701 613 770 vocatur,
628 692 748 755 brevior
763 703 793 754 et
806 695 835 754 in
852 694 954 757 orlrern
969 716 1088 762 comosa

87 783 210 860 alasque
224 795 368 840 ramorum
378 776 485 839 crebro
497 787 607 841 casam.
632 777 736 839 lortius
749 778 857 856 lignum
866 797 992 858 quercus
1001 782 1089 844 hahet

87 875 117 926 et
131 864 342 942 incorruptior,
367 878 483 924 ramosa
499 871 528 926 et
544 862 620 941 ipsa,
635 863 788 941 procerior
803 873 899 941 tamen
915 875 944 928 et
961 867 1089 928 crassior

86 948 222 1025 caudice,
237 946 437 1008 excelsissima
451 954 547 1008 antem
561 947 707 1026 aegilops,
718 947 833 1010 incultis
845 951 947 1010 amica.
973 949 1020 1010 Ab
1032 950 1131 1015 hacta

88 1047 229 1113 proxuma
243 1030 384 1092 latifoliae
399 1030 574 1108 proceritas,
586 1031 641 1094 aed
651 1033 742 1094 minus
754 1032 834 1093 utilis
845 1033 986 1094 aediliciis
1001 1044 1089 1115 atque

54 1133 78 1176 ro
88 1115 219 1191 carlom,
237 1115 335 1178 dolata
349 1116 426 1174 vitlie
443 1113 639 1190 obnoxiaest,
655 1115 841 1194 quamobrem
855 1116 949 1180 solida
963 1127 1088 1181 utuntur.

86 1199 178 1262 carlro
193 1200 223 1259 in
236 1199 415 1284 aerariorum
428 1205 536 1260 matum
548 1197 674 1260 officinis
692 1200 867 1280 conpendio,
885 1202 1019 1281 quoniam
1038 1199 1087 1264 d‘e·

85 1287 201 1346 eluente
216 1283 285 1346 datu
300 1283 432 1362 protinus
447 1283 594 1345 emoriere
613 1284 730 1363 asapius
748 1286 935 1365 recoquitur,
959 1296 1090 1350 ceterum

85 1369 234 1449 plurumae
247 1367 390 1430 scintillis.
422 1367 498 1428 idem
519 1385 537 1428 e
560 1367 685 1430 novellis
704 1367 817 1430 melior.
832 1371 947 1434 acerui
968 1389 1088 1438 conaer-

85 1453 121 1513 tia
148 1451 237 1514 taleis
256 1450 423 1512 recentibus
443 1451 506 1512 luto
528 1452 719 1526 cnudnantur,
744 1470 872 1518 accensa
891 1465 973 1518 anua
994 1460 1088 1520 contis

55 1537 223 1618 repungitur
244 1535 404 1598 dureseene
426 1535 514 1612 calyx
528 1543 621 1614 atqua
645 1538 684 1598 ita
705 1538 841 1600 sudorem
863 1541 975 1604 emittit.
1017 1542 1130 1608 ras-ar

85 1637 167 1682 anna
181 1628 212 1680 et
227 1617 347 1681 carboni
356 1629 393 1688 ,et
406 1620 547 1682 materiae
560 1619 749 1698 haliphloeoe
763 1623 857 1698 dicta,
880 1623 927 1684 cui
941 1627 1087 1688 massioni-

84 1722 147 1766 mue
162 1711 268 1766 cortex
287 1712 375 1784 atque
396 1703 555 1765 canderet
572 1703 744 1782 plerumque
765 1722 856 1766 aaron
877 1704 1086 1790 fungoeueqne.

84 1807 141 1850 nee
158 1788 216 1849 alia
230 1788 373 1872 gutreacit
388 1805 427 1850 err
441 1786 500 1848 lroc
515 1804 645 1866 genera,
667 1787 763 1858 etiarn.
776 1805 841 1850 cnm
863 1790 942 1852 vivit.
974 1793 1041 1869 quin
1058 1804 1088 1857 et

83 1873 204 1934 inluniae
225 1871 396 1950 saepissime
417 1872 518 1948 icitur,
542 1871 673 1952 quamvis
695 1871 843 1936 altitudine
868 1891 927 1934 non
948 1875 1086 1938 excellat.

52 1975 75 2018 aa
85 1959 155 2018 ideo
172 1955 252 2034 liguo
269 1956 332 2016 elue
346 1973 403 2018 nec
416 1955 454 2016 ad
469 1955 611 2018 sacrificia
627 1957 666 2016 uti
681 1957 726 2018 lae
739 1956 872 2020 labatur.
902 1957 1005 2022 Eidem
1021 1978 1087 2023 rara

6 2043 8 2050 ‘
83 2041 171 2120 glane
186 2048 226 2116 et,
242 2057 307 2100 cum
322 2037 395 2115 tulit,
412 2055 520 2114 amara,
535 2055 619 2117 quam
633 2050 753 2118 praeter
767 2060 835 2104 enee
851 2042 961 2106 nullum'
974 2045 1088 2123 attingit

83 2123 205 2201 animal,
225 2139 261 2186 ac
281 2123 388 2184 nahae
406 2120 539 2201 quidem,
563 2123 588 2182 si
602 2123 680 2184 alind
693 2123 828 2202 pabulum
848 2125 984 2190 habeant.
1021 2128 1086 2192 Hoc

84 2225 204 2290 qnoque
218 2208 293 2269 inter
307 2207 421 2286 reliqua
434 2205 591 2284 neglectae
605 2207 756 2285 religionis
776 2218 837 2286 eat,
859 2209 937 2288 qnod
952 2221 1084 2273 emortuo

84 2293 216 2354 carbone
229 2291 419 2353 cornicatur.
452 2289 541 2352 Giano
564 2290 651 2368 lngea
674 2308 755 2354 suem
769 2291 891 2356 hilarem
908 2292 994 2369 lacit,
1021 2305 1126 2359 car-25

54 2395 152 2438 unam
162 2375 320 2437 cocibilem
328 2375 468 2436 aclevem
483 2384 513 2436 et
526 2375 626 2437 utilem
640 2377 802 2438 stomacho.
818 2376 922 2454 iligna
937 2394 1019 2438 auem
1036 2395 1084 2438 an·

83 2471 216 2540 gustam
233 2458 367 2536 nitidam,
383 2460 548 2538 strigorem.
580 2459 776 2540 ponderosam
792 2479 921 2541 querna,
942 2461 1083 2537 diffusam,

83 2544 257 2624 graviednra
277 2551 310 2629 et
331 2543 395 2623 ipsa
421 2542 567 2620 glandium
587 2553 675 2624 atque
698 2545 872 2608 dulcissima.
915 2563 1085 2625 proxumam

83 2629 152 2690 lruic
167 2645 301 2690 cerream
316 2627 401 2691 tradit
415 2626 557 2706 Nigidius,
571 2647 628 2689 nec
648 2645 686 2689 err
700 2630 757 2691 alia
771 2629 941 2692 solidiorem
956 2647 1083 2708 carnem,

84 2713 138 2775 sed
153 2712 265 2774 duram.
305 2711 394 2789 iligna
408 2712 542 2788 temptari
556 2729 636 2788 suaa,
652 2713 707 2772 niel
724 2714 860 2792 paulatim
875 2715 967 2776 detur.
1009 2716 1084 2776 lranc

53 2797 273 2860 onoriesinran
288 2795 406 2858 cadere.
433 2793 586 2872 lungcaanr
601 2811 717 2858 carnem
732 2798 795 2858 lieri
809 2797 948 2873 neronio,
964 2798 1082 2876 robore,

85 2881 205 2942 subere.

148 2965 214 3045 (a.)
251 2962 334 3038 Quae
347 2962 484 3040 glandem
498 2962 595 3024 ierant
608 2979 708 3024 omnen
726 2971 756 3022 et
775 2963 881 3042 gallam
900 2965 1123 3043 altemiaqnetd

86 3051 169 3110 annis
183 3047 335 3126 glandem,
352 3046 406 3108 aed
419 3047 526 3126 gallam
540 3047 666 3109 lemene
679 3055 826 3125 cornuam
842 3057 872 3109 et
888 3049 978 3110 coriis
995 3048 1081 3126 nerli-

86 3133 199 3195 ciendia
215 3133 402 3212 aptissimam,
414 3131 536 3192 etmtlem
545 3131 611 3193 lsuio
621 3129 754 3207 latifolia,
765 3132 818 3192 sed
827 3131 968 3196 leviorem
979 3131 1081 3193 multo·

54 3235 146 3298 acqua
173 3217 266 3278 mnus
291 3215 450 3296 probatam.
491 3216 550 3277 lert
570 3223 600 3276 et
618 3215 728 3292 nigram
741 3247 784 3262 -
799 3214 855 3275 duo
878 3215 952 3276 anim
972 3231 1081 3294 genera

85 3309 153 3363 aunt
162 3333 217 3378 -,
228 3300 304 3362 lraec
314 3298 476 3378 tinguendis
487 3299 560 3360 lania
570 3296 676 3359 utilior.
701 3301 730 3360 7.
744 3298 879 3361 Nascitur
894 3299 1123 3377 autem-galiati

85 3385 153 3446 sola
173 3383 212 3445 de
232 3383 355 3462 geminis
370 3390 497 3445 exeunte
517 3399 670 3462 erumpens
693 3392 780 3444 noctu
800 3399 915 3461 semper
936 3383 1080 3445 universa,

87 3461 197 3531 c'reacit
210 3478 266 3529 uno
277 3467 325 3530 dia
340 3467 487 3530 candidior
500 3474 540 3546 et,
555 3467 581 3529 si
591 3475 673 3528 aestu
687 3475 812 3545 excepta
827 3473 882 3544 eat,
895 3467 1002 3530 arescit
1013 3483 1080 3546 pro·
