2534 3866
349 177 429 263 aar.
444 215 533 264 rursu.
547 217 633 264 xvrr.
650 215 693 268 aa.
712 201 785 287 (35.)
1037 207 1078 269 79

81 379 213 431 exortum
235 379 265 430 et
285 371 365 430 canis
387 379 478 446 ortum
498 381 528 431 et
547 373 734 448 nigrescente
755 372 849 431 acino.
885 373 997 450 quidam
1018 376 1057 434 ita
1069 385 1122 440 189

81 455 287 514 determinant:
318 463 450 514 veterem
470 455 563 524 semel
579 473 596 515 a
610 455 752 514 vindemia
768 464 833 516 aute
850 455 991 532 brumam,
1014 477 1078 519 cum

80 539 126 599 alii
147 537 326 617 ablaqueare
346 547 381 598 et¹
395 547 561 599 stercorare
577 540 646 598 satis
663 548 780 617 putent,
804 541 907 599 iterum
928 541 964 600 ab
983 541 1076 602 idibus

80 623 202 702 Aprilis,
220 632 373 700 antequam
390 624 533 700 concipit,
550 622 608 683 boc
623 631 670 682 est
684 623 713 681 in
727 636 772 682 vn
792 623 855 684 idus
877 623 977 683 blaias.
1012 625 1077 686 dein

19 714 20 738 ³
62 709 158 785 upn'us
174 723 260 785 quam
274 707 384 766 llorere
398 707 515 784 incipiat
530 715 560 767 et
576 723 640 766 cum
663 695 831 766 defloruerit
854 717 883 767 et
896 709 1027 768 ⁴variante
1044 727 1077 770 se

79 808 142 850 uva.
174 791 331 869 peritiores
346 789 504 865 adfirmant,
521 792 545 849 si
557 791 633 850 iusto
649 791 766 868 saepius
779 790 915 866 fodiatur,
929 793 1077 852 intantum

79 883 270 935 tenerescere
284 875 384 934 acinos
395 883 425 933 ut
437 883 611 952 rumpantur.
637 891 711 952 quae
722 874 868 935 fodiantur
881 884 948 936 ante
961 875 1076 936 lerven·

79 960 113 1018 tis
130 951 220 1018 horas
238 958 295 1017 diei
320 957 472 1018 fodiendas
491 960 642 1035 convenit,
666 959 750 1018 sicuti
772 959 860 1018 lutum
881 976 976 1037 neque
992 978 1075 1020 arare

79 1060 174 1120 neque
189 1041 311 1117 ledere,
330 1041 461 1101 fossione
477 1042 628 1119 pulverem
642 1043 798 1102 excitatum
814 1052 914 1102 contra
929 1044 1009 1104 soles
1025 1063 1075 1104 ue·

54 1125 221 1204 tabulasque
237 1125 390 1204 prodesse.
423 1125 481 1205 [18]
503 1124 680 1203 Pampinatio
702 1143 790 1187 verua
810 1127 995 1187 inconfessa
1012 1136 1120 1192 est190

80 1210 113 1270 ab
132 1208 229 1269 idibus
247 1208 340 1284 blatis,
355 1211 428 1269 intra
444 1208 508 1267 dies
527 1224 561 1284 x,
585 1210 684 1288 utique
701 1218 853 1289 antequam
876 1211 984 1272 llorere
1005 1213 1074 1272 inci·

80 1296 153 1373 piat,
178 1301 208 1352 et
230 1311 293 1353 eam
312 1293 385 1352 inira
401 1295 497 1368 iugum
513 1292 623 1352 debere
646 1293 718 1352 lieri.
753 1295 789 1353 de
805 1303 947 1372 sequente
964 1297 1075 1357 variant

80 1377 252 1437 sententiae.
283 1394 346 1436 cum
361 1377 545 1452 defloruerit,
563 1375 650 1455 aliqui
666 1379 885 1455 pampinandum
900 1387 1009 1457 putant,
1027 1379 1080 1439 alii·
1154 1367 1159 1395 '

80 1461 131 1520 sub
150 1463 216 1540 ipsa
231 1461 403 1521 maturitate.
428 1461 481 1520 sed
494 1461 530 1521 de
542 1461 586 1520 his
599 1459 716 1521 Catonis
731 1471 890 1540 praecepta
906 1463 1072 1524 decernent.

54 1557 201 1624 lanamque
216 1554 246 1604 et
256 1546 431 1623 putationum
445 1545 584 1604 tradenda
596 1547 669 1604 ratio
683 1554 736 1605 est.
765 1545 824 1622 [ld]
838 1545 970 1606 Protinus
984 1548 1114 1612 bau0191

80 1648 95 1688 a
108 1629 262 1704 vindemia,
277 1627 327 1687 ubi
342 1629 416 1688 caeli
426 1637 512 1706 tepor
525 1629 667 1704 indulget,
678 1627 854 1686 adoriuntur.
876 1630 929 1688 sed
941 1629 998 1690 hoe
1011 1631 1073 1690 fieri
1112 1651 1116 1660 ⁸
1150 1644 1156 1652 ·

79 1730 230 1791 numquam
245 1713 333 1772 debet
348 1713 461 1771 ratione
477 1721 596 1772 naturae
611 1719 678 1770 ante
696 1720 828 1771 exortum
846 1712 976 1789 aquilae,
998 1723 1028 1773 ut
1045 1716 1074 1773 in

79 1798 204 1857 siderum
220 1798 314 1856 causis
331 1794 500 1855 docebimus
514 1812 655 1874 proxumo
676 1794 835 1870 volumine,
859 1797 943 1854 immo
964 1813 1035 1855 vero
1047 1822 1115 1862 aaa

79 1881 195 1940 favonio
203 1881 371 1958 ,quonlam
390 1895 499 1956 auceps
521 1879 606 1957 culpa
629 1880 666 1938 sit
679 1894 896 1958 praeproperae
914 1879 1072 1940 festinatio·

50 1965 131 2023 aunis.
175 1965 206 2025 st
233 1965 348 2024 saucias
374 1962 485 2022 recenti
501 1964 643 2022 medicina
664 1963 795 2028 mordeat
811 1963 952 2041 quaedam
970 1963 1072 2024 hiemis

80 2049 239 2124 ruminatio,
258 2054 367 2106 certum
382 2056 562 2122 estgemmas
578 2064 676 2105 earum
690 2046 800 2122 frigore
811 2046 941 2106 hebetari
954 2049 1071 2127 plagas·

81 2149 134 2209 que
151 2131 219 2191 lindi
236 2139 266 2191 et
283 2129 357 2190 caeli
372 2131 442 2188 vitio
460 2129 542 2189 exuri
559 2129 661 2188 oculos
678 2128 794 2190 lacrima
809 2130 980 2190 destillante.
1007 2151 1071 2192 narn

79 2215 148 2292 gelu
170 2215 283 2294 fragilis
306 2213 368 2273 lieri
389 2214 453 2290 quis
475 2209 589 2272 nescit?
626 2211 785 2290 Operarum
806 2213 862 2272 ista
882 2218 1047 2292 conputatio
1063 2227 1113 2280 192

80 2308 124 2358 est
139 2300 167 2358 in
185 2298 351 2380 latifundiis,
368 2313 425 2355 non
440 2296 568 2374 legitima
582 2305 700 2356 naturae
716 2294 872 2354 iestinatio.
885 2343 890 2349 .
903 2314 959 2373 quo
981 2307 1070 2358 matu·
1103 2359 1111 2374 ,

49 2385 137 2443 arius
164 2390 299 2462 putantur
319 2381 394 2459 aptis
419 2379 539 2457 diebus,
563 2397 599 2440 eo
621 2380 686 2458 plus
701 2380 838 2440 materiae
860 2378 993 2456 lundunt,
1013 2398 1071 2458 quo

14 2461 15 2504 l
79 2469 184 2544 serius,
201 2481 237 2524 eo
252 2464 375 2524 fructum
392 2463 566 2523 uberiorem.
595 2481 684 2543 quare
699 2481 811 2524 macras
823 2464 903 2542 prius
919 2465 1073 2525 conveniat

77 2560 192 2628 putare.
217 2547 329 2608 validas
343 2543 507 2607 novissime.
534 2548 650 2626 plagam
665 2565 776 2608 omnem
791 2548 937 2626 obliquam
952 2549 1025 2625 lieri,
1039 2556 1071 2607 ut

77 2633 167 2693 lacile
183 2631 318 2692 decidant
336 2631 454 2708 imbres,
471 2641 500 2690 et
516 2632 551 2691 ad
565 2642 670 2691 terram
684 2634 757 2690 verti
773 2649 856 2709 quarn
867 2632 1013 2692 leuissima
1030 2635 1070 2693 ci·
1124 2647 1129 2658 ¹

78 2718 190 2777 catrice
207 2717 270 2775 acie
286 2715 370 2775 lalcis
391 2723 494 2775 exacta
511 2715 655 2792 plagaque
679 2714 846 2792 conlevata,
863 2716 953 2776 recidi
976 2717 1070 2777 autem

45 2823 69 2864 au
79 2818 200 2878 semper
215 2800 290 2858 inter
305 2799 375 2859 duas
389 2813 534 2876 gemmas,
559 2815 595 2856 ne
621 2799 660 2856 sit
684 2796 786 2856 volnus
814 2799 906 2858 oculis
926 2799 954 2856 in
975 2801 1069 2859 recisa
1193 2863 1195 2868 ,

77 2894 173 2964 parte.
202 2883 313 2960 nigram
330 2900 397 2943 esse
413 2899 475 2949 eam
493 2879 654 2940 existimant
670 2889 699 2940 et
714 2879 808 2938 donec
823 2880 858 2938 ad
870 2883 984 2941 sincera
998 2901 1047 2942 ue·
1061 2889 1113 2944 193

77 2969 173 3027 ulatur
203 2966 404 3041 recidendam,
430 2965 601 3043 quoniame
626 2965 731 3023 vitioso
762 2965 880 3024 materia
911 2965 987 3024 utilis
1012 2981 1070 3023 nou

79 3060 177 3112 exeat.
206 3053 230 3110 ri
244 3067 341 3114 macra
355 3049 420 3107 vitis
432 3049 553 3108 idoneos
568 3047 699 3126 palmites
714 3064 771 3107 nou
785 3047 899 3121 habeat,
913 3048 948 3107 ad
964 3056 1069 3106 terram

76 3133 172 3195 recidi
188 3151 252 3194 eam
268 3149 419 3209 nouosque
435 3132 502 3192 elici
515 3132 702 3192 utilissimum.
734 3133 763 3190 in
785 3131 997 3210 pampinatione
1011 3145 1069 3190 non

45 3219 135 3279 sabos
157 3218 311 3278 detrahere
333 3216 484 3296 pampinos
503 3218 551 3294 qui
573 3231 634 3296 cum
657 3233 711 3274 uva
731 3218 802 3289 siut,
825 3217 853 3276 id
875 3217 979 3274 etenim
997 3233 1069 3274 uvas

79 3301 247 3382 supplantat
262 3309 466 3378 praeterquam
480 3300 508 3358 in
521 3299 637 3359 novella
654 3299 747 3358 vinea.
780 3299 893 3358 inutiles
911 3297 1069 3380 iudicantur

78 3390 110 3446 in
126 3385 301 3459 lateranen,
317 3399 374 3442 nou
389 3384 425 3444 ab
441 3384 538 3458 oculo,
556 3384 662 3462 quippe
680 3385 764 3442 etiam
779 3399 833 3440 uva
849 3399 922 3458 quae
937 3378 1070 3442 nascatur

77 3487 96 3529 e
116 3469 187 3530 duro
203 3469 387 3547 algescente,
409 3476 439 3528 ut
459 3468 513 3526 nisi
533 3466 612 3526 lerro
629 3466 739 3527 detrahi
756 3482 812 3526 non
827 3468 928 3546 possit.
957 3463 1112 3528 leda-194
