2534 3866
249 153 250 156 Ἴ
337 203 526 256 summissa
542 195 849 274 xv111.t.(1o-12.)
1008 189 1140 274 „105'

103 351 209 436 calami,
222 362 251 420 in
262 360 364 420 umidis
379 362 438 420 seri
448 360 577 435 iubebat,
592 362 726 440 quoniam
735 360 823 420 rnulto
836 370 939 438 egeret
950 362 1093 422 alimento.

100 443 151 504 hae
165 443 248 504 fuere
265 445 426 504 sententiae
441 443 608 528 Alexandro
625 443 730 520 lllagno
747 453 898 521 regnante,
917 463 980 505 cum
996 445 1137 510 claris-65

100 528 165 587 sima
187 528 239 587 luit
256 527 379 589 Graecia
401 537 487 606 atque
507 529 536 588 in
557 534 619 586 toto
643 526 717 586 orbe
732 535 871 587 terrarum
887 530 1094 606 potentissima,

9 647 10 652 κ
98 611 134 671 ita
153 619 248 671 tamen
271 620 302 670 ut
323 620 389 671 ante
410 621 531 671 mortem
552 613 614 672 eius
633 611 713 670 annis
737 610 800 670 iere
821 624 911 672 cxnv
930 611 1094 690 Sophocles

75 703 183 774 spoeta
204 696 234 754 in
253 694 350 754 tabula
369 694 549 773 Triptolemo
569 695 739 754 trumentum
760 695 888 755 Italicum
908 703 974 756 ante
994 705 1095 755 cuncta

98 778 256 839 laudaverit
272 778 442 838 adverbum
456 778 593 838 translata
609 780 765 837 sententia:
1072 780 1074 790 ’

80 855 84 862 ’
137 860 554 922 ctiortuuatamltaliam
569 861 751 920 frumento
768 861 1093 937 canerecandido,

97 962 168 1025 quae
184 945 247 1006 laus
262 946 420 1023 peculiaris
435 945 579 1022 hodieque
594 944 695 1004 ltalico
715 955 774 1022 est,
792 963 849 1024 quo
863 948 955 1023 magis
971 946 1095 1007 admiror

96 1038 230 1107 posteros
246 1029 423 1090 Graecorum
437 1028 543 1088 nullam
554 1030 726 1088 mentionem
737 1029 818 1089 huius
831 1029 938 1089 iecisse
951 1030 1094 1090 frumeuti.

64 1135 88 1176 ιι
100 1111 136 1195 [a]
151 1111 233 1172 Nunc
254 1131 292 1172 ex
315 1114 360 1173 his
381 1112 539 1190 generibus
563 1129 637 1190 quae
655 1112 774 1178 Romam
796 1113 966 1184 invehuntur
980 1113 1137 1176 hoissi-66
1190 1165 1194 1176 ,

95 1213 167 1256 mum
183 1206 228 1256 est
239 1195 378 1257 Gallicum
391 1205 478 1274 atquc
489 1213 507 1255 e
519 1192 724 1258 Chersonneso
737 1179 899 1272 advectum,
917 1199 1025 1276 quippe
1037 1215 1095 1256 non

96 1281 238 1340 excedunt
252 1280 340 1340 modii
354 1282 472 1339 vicenas
488 1277 587 1355 libras,
604 1281 629 1338 si
641 1281 690 1358 qui
703 1297 821 1357 granum
833 1282 925 1359 ipsum
940 1281 1093 1359 ponderet.

8 1405 9 1412 ι
96 1364 214 1425 Sardum
226 1364 312 1426 adicit
324 1363 458 1439 selibras,
474 1362 698 1423 Alexandrinum
711 1373 740 1423 et
751 1365 875 1441 trientis,
892 1365 948 1425 hoc
961 1374 990 1424 et
1002 1364 1094 1425 Siculi

7 1444 9 1560 q
94 1447 215 1526 pondus,
244 1447 414 1508 Boeoticnm
435 1447 641 1508 totam'libram
661 1448 755 1524 addit,
777 1448 907 1508 Africum
925 1457 953 1508 et
971 1448 1093 1510 dodran·

7 1575 8 1606 ,
60 1534 141 1613 ratis.¹
171 1533 200 1592 in
222 1533 413 1610 transpadana
434 1529 515 1591 ltalia
539 1532 602 1592 scio
625 1533 744 1590 vicenas
770 1533 870 1610 quinas
900 1531 989 1592 libras
1009 1532 1094 1592 larris

7 1621 8 1696 l
91 1615 203 1676 modios
218 1617 365 1694 pendere,
387 1615 465 1675 eirca
480 1613 608 1675 Clusium
623 1624 653 1673 et
673 1631 769 1674 senas.
803 1614 853 1673 lex
874 1625 954 1675 certe
976 1622 1134 1678 naturaett

7 1697 8 1770 Ϊ
91 1700 162 1759 utin
177 1715 490 1778 quocumque·genere
512 1700 578 1776 pani
600 1697 714 1757 militari
733 1699 817 1756 tertia
840 1699 934 1776 portio
957 1697 992 1757 ad
1012 1700 1094 1774 grani

92 1782 206 1862 pondus
221 1781 351 1859 accedat,
370 1783 445 1839 sicut
463 1789 608 1860 optumum
623 1781 795 1840 frumentum
810 1799 877 1839 esse
893 1781 969 1859 quod
982 1782 1010 1846 in
1025 1780 1092 1840 sub·

91 1875 186 1928 actum
209 1866 342 1942 congium
365 1881 458 1942 aquae
481 1866 584 1943 capiat.
622 1864 792 1943 quibusdam
811 1863 966 1941 generibus
991 1882 1044 1943 per
1059 1882 1092 1924 se

59 1968 83 2010 ao
92 1950 217 2029 pondus,
233 1949 306 2008 sicut
317 1947 459 2008 Baliarico
471 1948 567 2008 modio
575 1949 662 2008 tritici
676 1950 757 2026 panis
770 1949 866 2028 pondo
878 1962 975 2010 xxxv
986 1948 1090 2023 reddit,

6 2105 7 2108 Ἴ
91 2031 262 2113 quibusdam
273 2046 331 2090 non
342 2032 396 2090 nisi
407 2031 513 2107 mixtis,
528 2039 559 2091 ut
571 2029 678 2109 Cyprio
691 2041 721 2092 et
729 2031 924 2093 Alexandrino
937 2048 985 2094 xx
998 2049 1092 2111 prope

90 2117 182 2176 libras
199 2132 257 2174 non
273 2114 490 2174 excedentibus.
530 2112 665 2191 Cyprium
679 2113 790 2174 luscum
805 2125 850 2176 est
869 2135 1031 2195 panemque
1051 2115 1134 2178 nri-oa

6 2211 7 2276 l
89 2217 173 2278 gnum
187 2199 267 2276 facit,
283 2200 382 2276 itaque
396 2199 533 2270 miscetur
544 2197 769 2258 Alexandrinum
781 2199 941 2268 candidum,
956 2200 1103 2261 redeunt-¹

6 2287 7 2324 l
90 2302 149 2361 que
163 2295 236 2344 xxv
252 2282 361 2362 pondo.
388 2280 563 2342 Thebaicum
578 2280 679 2341 libram
694 2281 790 2341 adicit.
811 2281 919 2342 Mariua
934 2299 1009 2359 aqua
1024 2283 1090 2343 sub·

6 2373 7 2444 3
56 2367 149 2445 erigi,
173 2365 249 2445 quod
264 2367 399 2446 plerique
416 2366 561 2425 maritimis
573 2365 647 2425 locis
667 2365 774 2425 iaciunt
790 2365 946 2426 occasione
963 2364 1091 2425 lucrandi

6 2451 8 2550 J
89 2448 177 2526 salis,
198 2450 416 2510 inutilissimum.
446 2448 578 2510 nonalia
600 2449 636 2509 de
652 2467 739 2509 causa
761 2450 967 2527 opportuniora
981 2441 1090 2509 morbis

6 2597 7 2606 ,
89 2550 217 2612 corpora
233 2535 383 2594 exsistunt.
423 2531 532 2592 Galliae
552 2542 582 2592 et
601 2532 755 2610 Hispaniae
781 2533 923 2594 frumento
945 2534 974 2592 in
992 2539 1090 2611 potum
1152 2567 1159 2582 -

6 2609 7 2700 l
87 2617 222 2677 resoluto
245 2616 347 2695 quibus
369 2616 491 2676 diximus
512 2616 678 2692 generibus
691 2633 791 2694 spuma
814 2619 852 2678 ita
880 2626 1015 2678 concreta
1035 2612 1125 2694 progi

85 2700 235 2762 termento
250 2709 375 2776 utuntur,
391 2715 447 2778 qua
462 2700 499 2759 de
523 2715 608 2760 causa
628 2699 722 2758 levior
739 2700 797 2760 illis
819 2718 902 2780 quam
918 2701 1024 2762 ceteris
1041 2717 1090 2777 pa·

51 2786 134 2850 sonis
151 2793 205 2846 est.
239 2784 280 2861 [4]
311 2782 480 2842 Differentia
497 2790 541 2841 est
557 2790 585 2840 et
601 2783 713 2857 calami,
730 2785 855 2843 crassior
867 2787 974 2863 quippe
991 2782 1133 2849 mello-69

84 2870 129 2928 ris
148 2875 193 2928 est
205 2867 334 2945 generis.
370 2865 511 2927 Plurunris
531 2864 632 2923 tunicis
653 2864 803 2926 Thracium
825 2867 948 2926 triticum
970 2867 1092 2926 vestitur

85 2951 127 3012 ob
140 2955 231 3012 nimia
249 2949 360 3025 frigora
374 2948 416 3008 illi
432 2949 538 3028 plagae
552 2949 732 3024 exquisitum.
761 2950 862 3010 eadem
883 2967 971 3012 causa
991 2957 1022 3008 et
1041 2939 1090 3008 triss

6 3021 8 3048 '
83 3037 207 3096 mestria
224 3032 333 3094 invenit
346 3031 539 3092 detinentibus
553 3038 646 3090 terras
659 3032 771 3092 nivibus
791 3033 868 3111 quod
887 3034 973 3094 tertio
994 3030 1058 3090 iere
1074 3050 1091 3094 a

84 3129 154 3179 satu
174 3136 273 3178 mense
301 3115 378 3176 etin
403 3114 517 3194 reliquo
540 3113 612 3174 orbe
630 3117 753 3175 metitur.
791 3120 858 3176 totis
884 3114 942 3176 hoo
967 3113 1091 3193 Alpibus

47 3213 200 3277 sanctum,
218 3211 247 3261 et
261 3198 434 3261 hiemalibus
448 3199 604 3276 provinciis
620 3197 727 3259 nullum
741 3198 798 3260 hoc
814 3200 955 3260 frumento
976 3199 1089 3273 laetius,

83 3285 279 3347 unicalamum
303 3291 459 3362 praeterea
485 3299 540 3341 nec
562 3299 681 3359 usquam
708 3301 817 3361 capax,
844 3285 1004 3361 seriturque
1033 3299 1091 3342 non

83 3371 143 3429 nisi
159 3369 240 3444 tenui
252 3376 344 3444 terra,
374 3365 428 3425 Est
441 3373 471 3424 et
481 3364 619 3424 bimestre
632 3365 708 3426 circa
721 3365 861 3426 'l'hraeiae
872 3366 994 3443 Aenum,
1012 3365 1089 3444 quod
1098 3372 1133 3430 to

84 3451 313 3530 quadragesimo
330 3450 378 3510 die
400 3464 457 3526 qno
480 3455 571 3532 saturn
592 3456 637 3508 est
656 3452 832 3527 maturescit,
847 3450 1004 3530 mirumque
1018 3448 1089 3510 nulli
