2552 3866
183 202 245 266 208
516 213 547 262 c.
563 215 660 274 rums
676 213 826 263 snorum

143 381 194 436 lut
248 371 296 432 13.
318 368 451 428 Silvestri
475 370 569 428 ocimo
593 372 637 429 vis
658 369 807 430 ellicacior
829 369 865 430 ad
885 369 986 430 eadem
1004 374 1113 449 omnia,
1128 392 1178 452 pc-

184 454 300 530 culiaris
321 451 357 512 ad
378 455 446 513 vitiu
465 471 538 532 quae
555 454 758 516 vomitionibus
777 453 889 513 crebris
911 455 1115 516 contrahuntur
1129 475 1179 518 vo·

157 538 473 682 “mfificisqueuvolvam
505 545 604 597 contra
631 536 787 598 bestiarum
813 554 927 597 morsus
956 555 972 597 e
993 540 1059 599 rino
1082 536 1178 601 radice

184 641 201 682 e
235 637 385 682 oacrssrmu

142 759 192 811 125
248 745 331 832 (49.)
352 745 468 806 Erucae
483 763 582 805 semen
595 745 783 842 scorpionum
802 747 921 805 venenis
937 757 967 806 et
982 749 1068 808 muris
1084 752 1202 810 araneis

183 833 331 907 medetur,
359 821 500 891 bestiolas
527 829 617 888 omnis
643 829 818 889 innascentis
845 832 962 909 corpori
984 840 1082 908 arcet,
1115 834 1181 894 vitia

185 917 258 976 cutis
275 918 303 974 in
320 876 397 974 lacis
420 932 483 972 cum
499 911 585 972 melle
601 911 725 988 inlitum,
750 913 906 990 lentigines
929 933 966 974 ex
981 925 1083 992 aceto,
1107 918 1180 978 eica-

184 1002 273 1060 trices
289 999 385 1075 nigras
406 997 520 1056 reducit
542 995 578 1056 ad
600 957 754 1057 candore’m
776 1015 840 1076 cum
859 997 930 1058 ielle
951 997 1070 1059 bubulo.
1107 1001 1182 1061 aiunt

183 1083 307 1144 verbera
331 1080 467 1140 subituris
487 1089 586 1179 potum
611 1098 648 1139 ex
669 1077 736 1141 vino
759 1067 891 1142 duritiam
917 1082 1056 1162 quandam
1082 1093 1183 1145 contra

143 1177 193 1232 126
205 1183 318 1226 sensum
338 1143 469 1238 induere.
506 1166 535 1224 io
556 1164 724 1224 condiendis
747 1166 877 1244 opsoniis
897 1175 974 1226 tanta
996 1175 1041 1226 est
1057 1169 1216 1228 suavitasm

184 1260 213 1313 ut
231 1247 334 1308 Graeci
358 1239 498 1483 ειιιζιιιοιι
515 1247 736 1344 appellaverint
776 1247 890 1325 putant,
913 1250 1034 1310 subtrita
1054 1269 1141 1311 eruca
1159 1253 1184 1310 si

183 1335 335 1410 foveanprr
351 1347 386 1390 oc
419 1349 443 1404 ι,
465 1330 625 1411 claritatem
647 1331 774 1405 restitui,
792 1331 893 1389 tussim
913 1331 1058 1392 infantium
1074 1335 1183 1394 sedari.

184 1414 266 1476 radix
292 1415 353 1474 eius
380 1414 408 1473 in
446 1430 501 1491 qua
530 1411 651 1474 decocta
679 1412 770 1472 fracta
796 1429 863 1471 ossa
889 1413 1022 1472 extrahit.
1055 1434 1120 1474 uam
1144 1419 1186 1488 de

143 1521 171 1562 ιι,
185 1517 219 1552 ιιι
228 1516 335 1574 venere
365 1496 533 1556 stimulanda
546 1494 684 1571 diximus,
701 1494 740 1533 **
762 1495 817 1572 tria
829 1493 901 1555 lolia
916 1497 1059 1566 silvestris
1075 1517 1186 1568 erucae

98 1600 99 1604 ’
186 1583 300 1642 sinistra
313 1600 398 1646 manu
414 1580 552 1660 decerpta
569 1588 597 1638 et
611 1579 682 1638 trita‘
697 1579 725 1638 io
740 1581 812 1658 aqua
827 1578 918 1641 mulsa
933 1582 958 1640 si
975 1579 1117 1652 bibantur.
1196 1602 1219 1640 ιι

54 1741 56 1746 .
143 1713 193 1773 127
249 1708 334 1788 (50.)
355 1706 540 1776 Eccutrario
564 1706 730 1766 nasturtium
753 1677 892 1765 venerem
914 1703 1038 1783 inhibet,
1061 1711 1186 1770 animum

50 1855 54 1862 ¹
145 1811 173 1855 ιι,
186 1815 219 1848 ιιι
243 1794 374 1869 exacuit,
386 1800 417 1851 ut
434 1791 563 1851 diximus.
588 1789 644 1848 duo
658 1790 719 1848 eins
737 1806 856 1865 genera.
880 1790 975 1850 alvom
991 1801 1114 1869 purgat,
1131 1793 1182 1853 de·

185 1877 270 1938 trahit
287 1875 373 1935 bilem
389 1884 488 1953 potum
502 1889 526 1934 x
540 1871 669 1952 pondere
684 1874 713 1933 in
729 1890 822 1950 aquae
836 1887 898 1936 vlt.
928 1877 1043 1934 strumis
1060 1894 1122 1935 cum
1138 1877 1183 1936 lo·

185 1968 281 2019 mento
298 1958 407 2018 inlitum
425 1956 762 2037 opertumquebrussioa
778 1957 931 2036 praeclare
946 1958 1085 2020 medetur.
1109 1961 1183 2020 alte·

185 2059 247 2102 rum
259 2050 306 2102 est
321 2041 449 2119 nigrius,
464 2041 541 2120 quod
556 2041 659 2120 capitis
672 2041 739 2100 vitia
756 2046 875 2118 purgat,
897 2043 989 2102 visum
1006 2053 1182 2122 oonpnrg'at,
1193 2061 1219 2100 ao

187 2134 341 2194 conmutas-
356 2128 459 2186 mentis
479 2123 561 2186 sedat
575 2143 621 2184 ex
640 2133 724 2184 aceto
746 2133 901 2203 sumptum,
915 2126 1029 2187 lienem
1052 2146 1089 2187 ex
1115 2131 1184 2188 vino

186 2218 291 2310 potum
305 2209 353 2269 vel
376 2228 439 2269 oum
462 2211 517 2270 lieo
541 2217 695 2306 sumptum,
720 2210 818 2267 tussim
846 2227 884 2269 ex
904 2210 1006 2288 melle,
1028 2213 1053 2270 si
1076 2212 1185 2272 cotidie

144 2296 213 2356 128
205 2294 291 2355 ieiuni
309 2303 427 2354 sumant.
465 2311 563 2352 semen
580 2310 617 2351 ex
633 2292 701 2351 vino
718 2293 811 2352 omnia
832 2293 1028 2354 intestinorum
1049 2297 1186 2356 animalia

92 2423 93 2428 ι
186 2378 284 2456 pellit,
300 2377 447 2437 efficacius
463 2375 557 2437 addito
573 2382 738 2434 mentastro.
759 2375 880 2452 prodest
897 2387 925 2436 et
941 2387 1040 2438 contra
1057 2382 1186 2460 suspiria

186 2471 215 2522 et
230 2460 331 2518 tussim
348 2477 411 2520 cum
426 2462 548 2558 origano
567 2467 596 2518 et
611 2460 678 2517 uiuo
695 2454 786 2535 dulci,
809 2461 944 2558 ιιιιιιιιιίΙ
961 2449 1111 2522 doloribus
1130 2463 1184 2523 de
1194 2477 1219 2544 rs

186 2552 300 2603 coctum
315 2544 343 2602 iu
357 2544 433 2602 lacte
447 2543 575 2620 caprino.
599 2558 691 2618 panos
706 2541 822 2602 discutit
838 2560 900 2602 oum
915 2545 981 2622 pice
999 2547 1186 2645 extrahitque

186 2627 303 2704 corpori
319 2625 437 2686 aculeos
453 2635 482 2685 et
496 2624 623 2684 maculas
636 2625 744 2684 inlitum
759 2645 797 2686 ex
813 2635 912 2702 aceto,
932 2637 1032 2689 contra
1050 2633 1185 2690 carcino-

143 2718 194 2776 129
205 2717 278 2769 muta
294 2709 415 2769 adicitur
432 2727 552 2772 ovorum
568 2707 671 2768 album
704 2719 734 2769 et
748 2709 870 2768 lienibus
891 2710 1015 2772 inlinitur
1030 2732 1067 2772 ex
1084 2725 1184 2792 aceto,

114 2797 118 2808 '
183 2793 337 2854 infantibus
359 2812 429 2854 vero
451 2813 467 2854 e
486 2793 573 2853 melle
589 2793 747 2852 utilissimo.
778 2794 893 2853 Sextius
908 2797 994 2855 adicit
1007 2807 1100 2857 ustum
1116 2817 1185 2858 ser-

184 2878 279 2958 pentis
299 2877 415 2955 fugare,
440 2875 643 2956 scorpionibus
663 2878 817 2952 resistere,
842 2878 943 2955 capitis
964 2879 1059 2956 dolori
1078 2891 1220 2955 contram

184 2965 243 3038 irc,
269 2961 418 3040 alopecias
445 2960 597 3020 emendare
618 2959 715 3020 addito
737 2961 847 3037 sinapi,
875 2965 1046 3036 gravitatem
1069 2968 1186 3024 aurium

185 3047 251 3105 trito
272 3047 398 3125 inposito
419 3045 535 3104 auribus
559 3060 621 3102 cum
643 3045 714 3120 lico,
740 3043 864 3102 dentium
890 3045 1009 3106 dolores
1028 3049 1125 3108 inluso
1152 3052 1185 3108 in

185 3132 261 3189 auris
279 3145 364 3206 suco,
385 3130 559 3206 porriginem
577 3135 606 3187 et
620 3127 717 3186 ulcera
734 3128 835 3204 capitis
851 3146 913 3187 cum
931 3129 1015 3208 adipe
1031 3135 1184 3192 anserino.

143 3222 194 3277 130
205 3213 370 3272 furunculos
387 3212 542 3290 concoquit
559 3227 621 3269 cum
636 3210 787 3270 lenneuto
812 3210 1002 3273 carbunculos
1018 3215 1054 3275 ad
1069 3235 1184 3294 suppu-

184 3297 323 3356 rationem
339 3296 470 3374 perducit
485 3305 514 3354 et
529 3297 646 3374 rumpit,
670 3293 873 3378 phagedaenas
888 3296 1015 3357 ulcerum
1033 3312 1185 3377 expurgat
1196 3317 1220 3357 ar

185 3397 248 3438 cum
270 3381 366 3440 melle.
398 3377 603 3440 coxendicibus
626 3387 654 3437 et
676 3376 778 3438 lumbis
804 3397 867 3437 curn
892 3380 1009 3479 polenta
1031 3400 1068 3442 ex
1092 3394 1184 3444 aceto

184 3462 324 3538 inlinitur,
342 3464 529 3523 itemlicheni
537 3460 704 3539 ,unguibus
722 3462 832 3522 scabris
839 3466 978 3543 ,quippe
998 3476 1098 3528 natura
1113 3485 1184 3527 erus
