2552 3866
313 241 393 290 uer.
410 239 501 288 mar.
517 239 630 286 xv1111.
646 236 673 289 ι.
693 223 841 312 (ro-al.)
1023 231 1082 294 165

87 392 212 457 clamore
233 391 329 470 plebis
343 395 497 454 incusantis
512 393 589 473 apud
606 395 697 454 omnis
709 395 864 474 principes,
880 394 974 456 donec
984 402 1082 459 remis-

85 494 145 535 sum
165 484 209 560 est
233 479 393 553 portorium
415 480 521 537 mercis
542 479 633 537 huius.
671 489 896 558 conpertumque
920 495 976 540 non
999 483 1083 543 aliter

85 559 284 638 quaestuosius
300 577 416 639 censum
429 560 529 621 haberi
543 571 591 621 aut
601 563 687 621 tutius
700 580 734 621 ao
746 566 856 622 minore
868 564 999 623 fortunae
1010 569 1081 627 iure.

84 661 149 702 cum
165 641 297 702 credatur
312 645 416 720 pensio
432 661 467 703 ea
483 655 648 723 pauperum.
679 645 723 706 bis
737 648 766 706 in
781 647 845 706 solo
859 664 985 726 sponsor
997 659 1041 708 εει
1053 658 1082 709 ει

57 727 136 792 ¹ssub
158 725 205 786 dic
220 726 336 792 ,reditus
363 728 591 805 superficiesque
620 728 703 788 caelo
734 748 915 809 quocumque
940 732 1080 808 gaudens.

61 887 64 892 Ι
84 808 390 890 [31Hortorum0ato
408 809 556 889 praedicat
576 811 675 870 caulis.
704 812 770 872 hine
792 817 911 892 primum
934 816 1123 891 agricolac5t

81 892 270 954 aestimabant
281 897 379 972 prisci,
396 903 424 952 et
436 896 478 952 sic
486 895 584 953 statim
595 894 740 955 iaciebant
750 897 883 956 iudicium
895 915 1017 976 nequam
1035 918 1081 959 es·
1125 913 1128 924 ‘

80 997 113 1036 se
126 981 155 1037 in
167 978 252 1038 domo
264 987 383 1038 matrem
397 977 519 1037 familias
533 1009 575 1023 —-
585 979 689 1037 etenim
701 979 774 1038 haec
788 998 855 1040 cura
868 981 991 1042 feminae
1004 983 1080 1042 dioe-

79 1061 165 1123 batur
177 1097 220 1108 —
242 1061 292 1121 ubi
311 1062 466 1139 indiligens
482 1071 561 1122 esset
582 1061 699 1138 hortus,
720 1065 827 1142 quippe
853 1068 1016 1126 ecaruario
1036 1076 1082 1126 aut

37 1159 68 1206 'ro
78 1147 205 1206 macello
226 1145 379 1205 vivendum
400 1165 476 1204 esse.
510 1163 566 1204 nec
584 1145 674 1210 caulis
693 1154 723 1205 ut
743 1148 821 1206 nunc'
831 1164 960 1207 maxume
976 1150 1080 1227 proba-

76 1230 156 1306 bant,
175 1230 342 1291 damnantes
360 1230 549 1308 pulmentaria
572 1245 646 1307 quae
667 1232 789 1305 egerent
805 1231 863 1290 alio
880 1232 1080 1310 pulmentario.

22 1323 25 1330 “
77 1314 105 1374 id
121 1319 185 1374 e'rat
202 1314 274 1373 oleo·
285 1331 419 1392 parcere,
437 1331 500 1372 nam
516 1315 579 1389 gari
601 1312 744 1373 desideria
767 1316 851 1377 etiam
872 1317 900 1373 in
920 1317 1080 1394 exprobra-

76 1401 157 1458 tione
174 1407 266 1458 eraut.
298 1397 375 1457 borti
396 1415 527 1456 maxume
544 1395 696 1475 placebant
713 1415 786 1476 quae
800 1417 858 1458 non
879 1410 1003 1475 egerant
1021 1402 1081 1478 igni
1088 1411 1122 1464 58
1145 1453 1147 1456 .

76 1487 294 1562 parcerentque
310 1482 408 1559 liguo,
425 1480 560 1558 expedita
574 1499 622 1539 res
640 1489 669 1539 et
684 1491 784 1560 parata
805 1495 935 1561 semper,
956 1483 1030 1544 unde
1053 1494 1082 1544 et

43 1584 66 1624 rs
76 1569 206 1627 acetaria
228 1565 424 1642 appellantur,
448 1565 544 1624 facilia
558 1566 702 1641 concoqui
718 1583 773 1623 nec
796 1576 947 1627 oneratura
967 1585 1081 1626 sensum

74 1650 162 1725 cibo,
180 1647 218 1706 ¹et
240 1665 313 1724 quae
334 1650 456 1707 minume
477 1647 670 1707 accenderent
692 1646 866 1707 desiderium
884 1651 974 1726 panis.
1013 1667 1081 1729 pars

8 1719 12 1732 ⁵
75 1751 179 1794 eorum
201 1729 239 1790 ad
258 1730 437 1790 condimenta
461 1733 607 1808 pertinens
630 1730 735 1789 iatetur
755 1729 832 1789 dorni
852 1749 999 1791 versuram
1019 1735 1082 1792 fieri

74 1818 211 1891 solitam,
239 1822 323 1890 atque
344 1831 401 1872 nou
422 1812 548 1874 Indicum
569 1803 832 1900 piperxquaesituin
850 1833 981 1894 quaeque
1003 1824 1080 1875 trans
1140 1875 1147 1882 ,

73 1902 165 1962 maria
184 1897 320 1978 petimus.
351 1899 406 1957 iarn
423 1899 452 1957 in
465 1897 600 1957 fenestris
614 1899 673 1957 suis
689 1898 773 1976 plebs
786 1898 892 1960 urbana
908 1901 935 1958 in
956 1899 1121 1976 imaginati

40 1998 64 2039 ao
74 1985 230 2045 hortorum
253 1981 395 2041 cotidiana
413 1981 504 2041 oculis
522 1999 587 2040 rura
607 1980 798 2060 praebebant,
822 1991 983 2061 antequam
997 2000 1079 2061 prae·

73 2070 124 2146 lrgi
141 2073 322 2147 prospectus
337 2067 429 2124 omnis
443 2067 541 2141 coegit
554 2063 737 2125 multitudinis
751 2067 915 2126 innumerae
937 2085 1024 2128 saeva
1039 2068 1078 2128 la-

72 2153 245 2212 trocinatio.
278 2147 462 2227 quamobrem
479 2151 515 2228 sit
531 2149 633 2226 aliquis
651 2157 679 2207 et
693 2147 737 2206 his
751 2149 862 2226 bonos,
883 2167 958 2208 neve
981 2147 1078 2210 auct'o·

71 2239 189 2296 ritatem
206 2233 297 2294 rebus
311 2233 406 2292 vilitas
423 2232 534 2308 adimat,
551 2249 614 2290 cum
629 2233 800 2309 praesertim
814 2235 897 2292 etiam
909 2235 1079 2308 cognomina

72 2337 234 2398 procerum
252 2317 396 2376 indenata
413 2315 568 2391 videamus,
583 2314 811 2393 Lactucinosque
826 2317 854 2374 in
869 2315 987 2375 Valeria
1000 2316 1079 2376 fami·

36 2425 60 2467 as
71 2405 111 2464 lia
128 2421 189 2462 non
206 2401 346 2480 puduisse
361 2398 516 2478 appellari,
540 2407 569 2457 et
584 2399 730 2475 contingat
745 2399 839 2478 aliqua
860 2401 952 2475 gratia
971 2416 1079 2478 operae

71 2503 226 2564 curaeque
243 2493 360 2544 nostrae
377 2482 508 2559 Vergilio
527 2499 641 2560 quoque
660 2483 796 2542 confesso
811 2501 894 2561 quam
910 2485 947 2541 sit
961 2483 1079 2542 difficile

69 2569 239 2632 verborum
258 2567 397 2627 bonorem
411 2576 468 2626 tam
486 2568 582 2643 parvis
598 2565 763 2644 perhibere.

62 2681 65 2694 ·
140 2652 232 2733 (20.)
251 2650 359 2710 Hortos
376 2651 463 2710 villae
478 2649 637 2725 iungendos
652 2667 708 2708 non
728 2659 772 2708 est
793 2649 906 2711 dubium
924 2653 1081 2728 riguosque
1088 2660 1122 2716 60

72 2753 212 2798 maxume
230 2733 390 2810 habendos,
406 2735 431 2792 si
449 2733 614 2808 contingat,
633 2731 763 2810 praelluo
779 2751 877 2809 amne,
900 2735 1045 2811 siminus,
1063 2753 1079 2794 e

34 2848 60 2889 ευ
71 2832 166 2902 puteo
182 2827 252 2878 rota
268 2819 421 2892 organisve
438 2814 624 2893 pneumaticis
638 2814 685 2873 vel
702 2814 879 2875 tollenonum
891 2815 992 2876 haustu
1004 2820 1079 2894 riga·

72 2917 132 2965 tos.
171 2902 271 2962 solum
288 2899 528 2978 proscindendum
549 2915 565 2956 a
585 2897 701 2956 favonio
725 2899 754 2955 iu
779 2907 938 2960 autumnum
958 2918 1078 2978 praepa-

69 2987 208 3050 rantibus
225 2992 296 3063 post
311 2997 390 3043 xlm
408 2984 468 3043 dies
486 2980 700 3058 iterandumque
715 2990 780 3040 ante
792 2981 928 3043 brumam.
959 2991 1026 3041 octo
1039 2983 1078 3040 iu-

70 3089 179 3150 gerum
197 3069 300 3146 operis
315 3067 405 3146 palari
420 3068 522 3126 iustum
533 3074 587 3142 cst,
602 3065 695 3126 limum
708 3067 760 3124 tris
775 3067 866 3144 pedes
878 3067 936 3125 alte
948 3083 1011 3124 cum
1024 3073 1078 3124 ter·

70 3175 103 3217 ra
119 3154 261 3228 misceri,
279 3153 354 3211 areis
371 3149 503 3224 distingui
518 3167 624 3228 easque
638 3151 780 3226 resupinis
796 3149 976 3228 pulvinorum
998 3150 1079 3224 toria,

35 3261 61 3302 as
71 3239 178 3300 ambiri
204 3235 337 3308 singulas
360 3235 500 3293 tramitum
521 3234 608 3294 sulcis
628 3250 683 3310 qua
703 3231 785 3292 detur
812 3251 949 3293 accessus
974 3232 1080 3293 bomini
1103 3299 1108 3310 ¹

30 3369 32 3377 .
72 3307 288 3396 scatebrisque
306 3317 453 3377 decursus.
576 3324 581 3336 “

54 3429 56 3436 ·
139 3404 230 3486 (21.)
256 3399 289 3458 ln
307 3401 397 3459 hortis
412 3400 586 3459 nascentium
601 3399 655 3458 alia
671 3398 758 3458 bulbo
772 3401 1011 3477 commendantur,
1025 3399 1078 3459 alia

73 3493 190 3571 capite,
208 3486 269 3545 alia
287 3483 386 3559 caule,
408 3483 462 3543 alia
477 3483 561 3560 iolio,
585 3484 640 3543 alia
660 3491 797 3561 utroque,
822 3484 877 3544 alia
892 3485 1009 3562 semiue,
1024 3482 1092 3552 alia¹
