2534 3866
91 197 93 206 “
173 173 222 264 12
509 210 539 257 c.
557 209 653 256 amni
669 199 818 255 sacoma
869 268 874 274 ¹

183 370 254 445 situ,
275 368 323 427 rel
345 367 429 426 etiam
450 365 566 425 declivi.
597 370 714 424 recusat
733 360 833 420 eadem
855 359 997 436 glaream,
1019 359 1177 438 rubricam,

97 450 100 462 ’
142 464 192 518 148
205 475 227 508 m
240 462 347 513 cretam
358 461 528 526 omnemque
544 457 640 508 terrae
652 444 864 505 fecunditatem.
882 445 946 503 Seri
957 462 1030 503 unce
1042 444 1175 521 diximus,

184 539 236 597 sed
257 537 309 595 nisi
325 552 363 593 ex
378 535 516 593 maxumis
531 549 588 590 non
604 531 751 608 provenit,
768 547 823 588 neo
840 528 894 585 nisi
910 529 1002 604 quinis
1019 530 1177 588 acervatim

184 623 263 681 satis.
299 617 440 697 perfringi
459 615 552 675 solum
573 612 661 672 debet
683 630 769 690 supra
789 629 827 671 ex
848 609 1005 670 Novembri
1025 628 1124 672 mense
1147 613 1176 670 in

182 703 380 776 Februarium,
397 718 453 778 quo
470 699 583 758 solutae
598 705 701 775 sponte
717 695 820 755 cadunt
836 712 873 754 ex
888 694 994 754 arbore
1008 703 1094 772 atque
1109 694 1206 758 sub-e
1257 717 1258 722 ¹

183 795 346 849 nascuntur.
377 782 528 843 intervalla
546 783 601 840 sint
617 779 749 858 pedalia,
764 778 890 854 undique
905 778 988 837 sulco
1005 778 1175 839 dodrantali.

183 891 220 932 ex
239 871 296 930 boc
315 868 467 927 seminario
488 865 697 925 transferuntur
722 863 750 920 in
780 862 856 921 aliud
875 861 1004 940 bipedali
1023 861 1177 922 intervallo

142 956 266 1033 149plus
290 952 414 1013 biennio.
451 951 522 1008 Sunt
536 957 572 1007 et
592 948 785 1026 propagines,
800 945 869 1004 nulli
887 945 1002 1022 quidem
1016 944 1176 1008 faciliores.

64 1045 70 1050 ’
121 1065 124 1070 ·
183 1039 287 1099 nudata
307 1036 381 1094 enim
393 1033 491 1092 radice
506 1041 566 1092 tcta
587 1033 615 1091 fn
637 1031 718 1090 sulco
736 1030 937 1108 prosternitur.
967 1038 1025 1089 tum
1038 1047 1076 1088 ex
1092 1047 1178 1090 cacu-

182 1125 258 1182 mine
273 1136 359 1196 supra
373 1126 479 1176 terram
499 1116 603 1176 relicto
625 1116 785 1174 renascitur
805 1121 834 1173 et
855 1113 911 1172 alia
933 1112 968 1172 ab
983 1113 1093 1172 radice.
1123 1115 1218 1174 sedro

181 1202 318 1265 translata
338 1201 432 1259 nescit
456 1199 597 1277 hospitari
620 1207 764 1276 pavetque
784 1198 941 1256 novitatem
962 1197 1080 1256 biennio
1101 1197 1176 1256 fere.
1257 1225 1258 1260 3

184 1296 286 1366 postea
317 1283 440 1361 prosilit.
486 1283 553 1342 ideo
582 1281 703 1341 nucibus
728 1283 824 1358 potius
851 1298 934 1357 quam
962 1280 1178 1340 viveradicibus
1257 1281 1258 1320 l

10 1437 12 1440 .
142 1384 193 1436 150
204 1369 344 1448 plantaria
366 1366 477 1426 caedua
498 1366 652 1444 inplentur.
686 1362 803 1424 Gultura
828 1381 884 1423 non
905 1365 1069 1443 alia-quam
1090 1381 1178 1442 supra
1257 1365 1258 1418 i

87 1481 90 1486 ·
181 1455 284 1526 dietis,
306 1450 443 1510 fodiendo
459 1448 706 1527 supputandisque
728 1466 782 1524 per
802 1443 945 1506 biennium
965 1463 1103 1526 sequens.
1140 1447 1178 1506 de
1257 1445 1258 1520 l

184 1546 283 1596 cetero
305 1536 368 1613 ipsa
389 1551 423 1592 se
444 1533 513 1592 colit
529 1531 628 1592 umbra
650 1530 781 1590 stolones
801 1548 999 1608 supervacuos
1021 1539 1216 1590 caecantem
1257 1523 1258 1542 ¹

185 1619 313 1680 caeditur
327 1620 400 1677 intra
416 1626 576 1695 septumum
591 1632 701 1674 annum.
731 1614 882 1672 Sufficiunt
898 1615 1068 1690 pedamenta
1083 1615 1180 1690 iugeri

183 1704 293 1764 vicenis
308 1705 453 1762 vinearum
470 1700 629 1776 iugeribus,
641 1697 755 1774 quando
769 1695 948 1756 etiambilida
964 1715 980 1755 e
993 1698 1083 1773 stirpe
1096 1697 1179 1774 liunt,

143 1787 362 1865 laudamusque
389 1784 463 1844 ultra
485 1782 603 1843 alteram
625 1780 715 1840 silvae
736 1798 806 1841 suae
833 1797 992 1840 caesuram.
1030 1779 1180 1840 Aesculus

137 1873 139 1878 '
184 1869 315 1932 similiter
330 1869 472 1946 provenit,
490 1882 609 1926 caesura
624 1865 745 1924 triennio
762 1865 870 1938 senior,
887 1864 978 1922 minus
993 1880 1112 1924 morosa
1128 1882 1179 1923 na-

185 1955 245 2027 sci,
268 1953 296 2009 in
318 1958 497 2028 quacumque
518 1959 594 2008 terra
615 1949 719 2007 seritur
739 1961 811 2007 vere
831 1947 952 2022 balano,
976 1946 1028 2006 sed
1050 1965 1108 2007 non
1122 1951 1217 2009 nisiae

185 2034 304 2108 aesculi,
322 2033 427 2092 scrobe
444 2033 620 2124 dodrantali,
641 2031 799 2091 intervallis
821 2031 940 2091 duorum
957 2032 1071 2110 pedum.
1106 2035 1179 2092 sari-

184 2119 345 2177 torleriter
360 2125 460 2194 quater
474 2134 557 2176 anuo.
587 2115 651 2174 lloc
670 2115 870 2192 pedamentum
890 2117 1180 2192 minume'putrescit

185 2219 359 2279 caesumque
373 2217 504 2260 maxume
518 2200 642 2259 fruticat.
669 2199 789 2258 Praeter
801 2198 875 2256 baec
888 2208 952 2257 suut
963 2197 1083 2274 caedua,
1100 2217 1179 2278 quae

103 2324 106 2329 -
185 2285 315 2359 diximus,
332 2284 468 2358 fraxinus,
483 2283 588 2356 laurus,
600 2284 726 2363 persica,
740 2282 868 2355 corylus,
882 2281 984 2356 malus,
999 2283 1052 2342 sed
1066 2283 1180 2342 tardius

185 2377 338 2428 nascuntur
352 2376 515 2443 terramque
530 2365 624 2425 delixa
639 2367 688 2423 vix
701 2364 841 2436 tolerant,
863 2381 919 2423 non
932 2366 1018 2425 modo
1033 2383 1176 2436 umorem.
1188 2387 1216 2426 as
1256 2365 1257 2426 ἶ

186 2451 308 2511 sabucus
324 2459 423 2509 contra
439 2449 597 2507 firmissima
613 2447 649 2506 ad
661 2447 755 2525 palum
770 2447 855 2507 taleis
870 2450 975 2508 seritur
990 2458 1020 2507 ut
1037 2451 1177 2528 populus.
1256 2443 1257 2486 i

145 2533 300 2618 1,ζξχμιιιῑυη
316 2533 352 2593 de
369 2548 509 2610 cupresso
523 2533 592 2590 satis
611 2531 741 2592 diximus.
1256 2541 1257 2576 t

146 2628 195 2682 151
239 2615 287 2676 21.
298 2616 380 2694 (35.)
390 2614 430 2693 [1]
440 2614 476 2674 llt
487 2615 643 2692 praedictis
652 2614 731 2674 velut
743 2617 922 2674 armamentis
930 2616 1180 2680 vinearumrestat

185 2701 310 2778 ip'sarum
326 2708 424 2758 natura
440 2700 595 2776 praecipua
611 2698 748 2758 tradenda
770 2715 848 2758 cura.
877 2699 983 2758 Vitium
1002 2700 1128 2767 surculis
1147 2714 1179 2762 ct

187 2783 362 2861 quarundam
373 2781 517 2857 arborum,
528 2781 630 2859 quibus
641 2782 792 2858 fungosior
805 2783 878 2840 intus
890 2791 999 2858 natura,
1014 2785 1218 2860 geniculatim
1256 2767 1257 2822 i

185 2883 339 2946 scaporum
353 2866 420 2925 nodi
435 2866 642 2942 intersaepiunt
657 2864 819 2924 medullam.
841 2864 954 2925 ferulae
966 2868 1047 2944 ipsae
1065 2867 1178 2929 breves
1256 2835 1257 2930 i

187 2959 216 3010 et
243 2949 276 3010 ad
299 2966 406 3008 summa
432 2947 585 3008 breviores
606 2948 732 3008 articulis
752 2948 850 3024 utique
873 2949 985 3009 duobus
1013 2951 1178 3013 internodia

146 3043 196 3097 153
206 3027 359 3093 includunt.
386 3031 519 3106 medulla,
536 3032 598 3090 sive
613 3031 662 3091 illa
673 3030 767 3090 vitalis
779 3031 870 3092 anima
883 3042 937 3108 est,
956 3042 1021 3093 ante
1037 3052 1071 3093 se
1083 3035 1178 3096 tendit

187 3116 390 3193 longitudinem
400 3114 544 3192 inpellens
557 3114 687 3191 quamdiu
700 3113 766 3172 nodi
780 3117 879 3191 pervia
889 3125 967 3194 patet
979 3115 1083 3177 fistula.
1108 3136 1178 3179 com

186 3217 258 3259 vero
278 3198 405 3259 concreti
421 3198 555 3256 ademere
568 3197 726 3270 transitum,
741 3214 915 3274 repercussa
927 3203 1049 3278 erumpit
1064 3202 1101 3262 ab
1117 3204 1176 3264 ima
1189 3228 1220 3271 ss

186 3284 230 3341 soi
262 3292 344 3360 parte
371 3281 448 3340 iuxta
476 3281 601 3356 priorem
628 3280 732 3338 nodum
760 3280 876 3340 alternis
903 3282 1022 3342 laterum
1055 3303 1178 3363 semper

145 3364 219 3448 {3223}
229 3363 405 3442 inguinibus,
421 3371 452 3421 ut
472 3361 575 3422 dictum
594 3372 640 3423 est
654 3364 682 3420 in
696 3362 852 3423 harundine
872 3383 907 3424 ac
922 3365 1031 3442 ferula,
1050 3384 1178 3445 quorum

186 3447 334 3508 dexterum
353 3445 389 3507 ab
409 3447 465 3505 imo
484 3444 659 3525 intellegitur
674 3447 810 3524 articulo,
834 3447 947 3508 laercrn
966 3452 994 3508 in
1016 3467 1178 3530 proxumo,
