2534 3866
288 212 370 260 nar.
391 211 482 260 mss.
503 207 603 260 xvru.
626 198 892 285 a-ro.(rs-u1.)
1024 205 1084 266 109

80 368 172 447 ptieio
193 385 277 445 pane.
295 384 378 428 ,nam
401 366 547 428 furnaceis
566 364 649 427 binas
663 367 788 428 adiciunt
802 367 890 428 libras
905 371 934 428 in
948 389 1083 450 quocum·

85 470 140 530 que
155 468 275 528 genere.
584 501 588 518 ,

147 535 196 596 10.
221 535 261 612 [a]
283 534 422 612 similago
440 553 457 594 e
472 535 618 596 triticoflt
637 535 854 596 laudatissima..
876 554 914 596 ex
928 536 1029 598 birico
1044 541 1126 606 iae-89

83 628 157 680 stum
172 628 217 678 est
233 637 249 678 e
264 618 367 678 modiis
382 619 478 679 redire
494 619 640 679 semodios
658 627 687 678 et
708 617 825 696 pollinis
845 621 990 680 sextarios
1005 625 1084 701 quin·
1108 679 1117 710 a
1172 621 1174 627 ’

60 721 160 782 aque,
176 704 271 762 -ita
287 711 382 762 autem
396 703 546 781 appellant
556 704 585 762 in
596 704 692 762 tritico
706 701 783 779 quod
799 701 904 764 liorem
913 706 942 763 in
959 705 1083 782 siligine.

82 787 140 848 boc
151 787 283 847 aerariae
295 786 430 856 officinae
444 787 662 864 chartariaeque
673 794 788 845 utuntur
800 797 858 862 -,
871 785 1027 866 praeterea
1040 808 1084 850 se·
1123 841 1127 848 .

82 869 211 932 ouadarii
241 871 386 932 sextarios
414 878 548 949 quattuor
572 870 770 947 lmiurumque
797 871 977 949 tantundem,
1005 877 1086 952 panis

80 971 155 1014 vero
175 954 301 1014 emodio
318 955 488 1030 similaginis
501 966 609 1030 oxxu,
627 971 643 1014 e
660 953 742 1015 boris
763 953 860 1014 modio
880 967 984 1015 cxvut.
1018 957 1129 1023 Pro-90

80 1039 150 1100 tium
164 1037 231 1108 huie
248 1055 360 1098 annona
374 1039 468 1098 media
482 1039 511 1097 in
521 1037 755 1098 modioslarinae
766 1050 813 1098 xm
826 1056 920 1116 assas,
933 1040 1086 1118 similagini

48 1131 226 1183 incastratae
250 1122 363 1182 octonis
384 1121 498 1181 assibus
519 1122 657 1200 amplius,
672 1121 778 1198 siligini
794 1131 938 1182 castratae
958 1125 1084 1203 duplum.

44 1246 48 1256 =
72 1205 134 1286 ,Est
149 1215 178 1266 et
193 1205 249 1266 alia
262 1205 406 1266 distinctio
421 1205 516 1265 semel
528 1214 660 1284 tempore
672 1203 703 1264 b.
728 1204 819 1274 Paulli
831 1215 907 1282 nata,
924 1221 999 1268 xvn
1013 1227 1084 1288 pon·

77 1291 118 1352 do
130 1292 212 1368 panis
226 1288 352 1349 reddere
366 1291 439 1364 risa,
454 1302 552 1368 nvm,
563 1291 647 1348 tertia
660 1303 722 1350 xrx
734 1306 797 1348 eum
811 1291 926 1366 triente,
943 1300 972 1352 et
984 1309 1085 1352 secun·

78 1375 154 1435 darii
167 1375 249 1452 panis
262 1373 363 1451 quinas
375 1373 510 1449 selibras,
526 1373 645 1434 totidem
657 1372 773 1452 cibarii,
790 1382 819 1433 et
833 1373 972 1434 furfurum
990 1388 1084 1437 sexta·

77 1459 142 1522 rios
166 1475 228 1518 sex.
261 1457 305 1536 [31
332 1457 425 1534 Siligo
446 1475 598 1536 numquam
615 1459 783 1518 maturescat
803 1459 928 1536 pariter,
950 1477 1005 1520 nec
1026 1461 1085 1521 ulla
1093 1471 1126 1526 91

47 1571 70 1612 15
78 1550 215 1619 segetum
228 1543 320 1602 minas
331 1541 497 1601 dilationem
509 1543 614 1620 patitur
624 1550 745 1619 propter
760 1542 942 1601 teneritatem
959 1544 994 1601 iis
1012 1563 1085 1623 quae

76 1635 245 1688 maturuere
259 1627 390 1704 protinus
403 1643 523 1701 granum
534 1623 749 1706 dimittentibus.
767 1623 821 1684 sed
836 1625 926 1684 minus
938 1643 1023 1703 quarn
1037 1646 1084 1687 ee-

77 1721 145 1772 tera
159 1709 301 1770 frumenta
316 1710 346 1768 in
357 1709 462 1786 stipula
474 1709 665 1786 periclitatur,
683 1708 816 1784 quoniam
839 1725 955 1785 semper
976 1720 1085 1770 rectam

76 1793 169 1856 babet
184 1794 295 1872 spicam
309 1809 365 1854 uec
381 1807 478 1851 rorem
493 1793 620 1852 continet
632 1791 680 1868 qui
693 1790 857 1868 robiginem
867 1791 964 1850 iaciat.
983 1792 1024 1870 [4]
1040 1792 1127 1860 lixae

77 1879 179 1940 arinca
195 1877 379 1937 dulcissimus
391 1875 483 1955 panis.
501 1876 564 1954 ipsa
574 1876 701 1954 spissior
717 1891 801 1953 quam
813 1874 870 1954 far,
888 1884 916 1934 et
924 1876 1016 1938 maior
1027 1878 1084 1955 spi·
1118 1915 1127 1924 -

7 2015 8 2022 ,
44 1987 68 2030 20
79 1981 127 2038 ca,
143 1961 246 2022 eadem
259 1968 290 2020 et
306 1959 508 2038 ponderosior.
538 1977 605 2019 raro
620 1959 732 2019 modius
749 1961 831 2036 grani
847 1976 904 2019 non
919 1973 980 2019 xvr
997 1959 1085 2021 libras

77 2045 183 2125 inplet.
213 2046 354 2104 exteritur
367 2044 396 2102 in
410 2043 534 2104 Graecia
550 2043 723 2117 difficulter,
741 2043 779 2102 ob
792 2044 821 2103 id
833 2045 964 2130 iumqntis
976 2044 1036 2105 dari
1048 2045 1084 2106 ab

76 2131 208 2190 llomero
227 2127 313 2186 dicta.
340 2126 414 2186 baec
431 2128 507 2186 enim
529 2135 574 2196 est
585 2144 669 2209 quam
685 2124 796 2200 olyram
812 2135 907 2186 vocat.
941 2128 1042 2188 eadem
1056 2132 1085 2190 in

77 2216 221 2291 Aegypto
236 2210 331 2272 facilis
346 2210 516 2294 fertilisque.
544 2209 671 2270 Farsine
686 2211 772 2270 arista
787 2219 841 2285 est,
855 2211 923 2269 item
937 2211 1021 2287 siligo
1035 2231 1084 2272 ex·

79 2307 170 2376 cepta
182 2313 256 2374 qnae
267 2294 410 2355 laconica
424 2294 597 2373 appellatur.
628 2293 798 2354 Adiciuntur
811 2293 855 2352 bis
871 2309 995 2369 genera:
1018 2294 1083 2354 br'o·
1093 2308 1126 2363 93

45 2399 158 2455 ramos,
175 2380 260 2457 siligo
277 2388 402 2458 excepta
415 2387 444 2438 et
455 2387 565 2456 tragos,
582 2385 702 2438 externa
717 2377 861 2440 omniaab
880 2378 991 2437 oriente
1005 2378 1084 2437 inve-

79 2476 141 2540 cta,
157 2481 264 2538 oryzae
279 2463 392 2523 similia.
423 2460 547 2540 tipbeet
560 2464 623 2541 ipsa
636 2462 764 2523 eiusdem
776 2469 821 2522 est
834 2462 963 2539 generis,
980 2479 1017 2522 ex
1030 2479 1085 2540 qua

77 2551 112 2610 iit
127 2551 157 2610 in
169 2557 271 2606 nostro
286 2547 359 2607 orbe
374 2562 472 2622 oryza:
499 2546 574 2625 apud
587 2545 716 2607 Graecos
733 2555 777 2606 est
791 2555 820 2605 et
837 2563 900 2620 nea,
916 2546 1084 2624 traduntque

79 2651 146 2695 eam
162 2650 197 2692 ac
211 2631 326 2709 tiphon,
350 2648 415 2690 num
432 2632 489 2690 sint
506 2631 682 2707 degeneres,
698 2629 796 2710 redire
811 2630 848 2690 ad
859 2630 1043 2709 frumentum,
1059 2633 1084 2690 si

79 2719 178 2797 pistae
191 2723 332 2790 serantur,
348 2731 403 2774 nec
414 2713 555 2792 protinus,
572 2714 625 2774 sed
640 2715 726 2773 tertio
742 2731 825 2772 anno.
893 2773 896 2790 ,

45 2831 71 2872 30
148 2799 233 2878 (21.)
257 2797 363 2858 Tritico
388 2797 459 2860 nibil
480 2805 525 2855 est
548 2796 681 2856 fertilius.
723 2795 780 2855 boe
804 2797 830 2855 ei
858 2804 957 2856 namra
977 2797 1127 2873 tribuit,94

81 2885 219 2966 qnoniam
234 2899 419 2942 &maxume
438 2880 535 2942 alebat
556 2880 714 2954 bominem,
736 2887 837 2956 utpote
859 2897 922 2940 cnm
944 2880 1083 2955 emodio,
1116 2885 1120 2896 “

7 3013 9 3052 ,
82 2971 109 3030 si
126 2968 164 3027 sit
179 2975 274 3045 aptum
286 2964 391 3040 solum,
407 2965 493 3045 quale
507 2965 536 3023 in
551 2962 676 3039 Byzacio
693 2961 812 3023 Africae
828 2979 947 3042 omnpo,
972 2965 1084 3022 centeni

7 3059 8 3062 ’
82 3051 279 3132 quinquageni
294 3048 383 3109 modii
396 3049 560 3109 reddantur.
591 3047 667 3106 misit
683 3066 720 3107 ex
737 3062 774 3106 eo
790 3046 858 3106 loeo
873 3047 940 3106 diuo
952 3045 1084 3123 Augusto

83 3144 258 3216 procurater
273 3133 335 3194 eins
351 3149 388 3192 en
402 3149 459 3191 nno
474 3148 568 3210 grano
580 3163 621 3176 -
632 3132 683 3190 vix
697 3128 837 3194 credibile
851 3131 929 3190 dictu
942 3163 985 3176 —-
1000 3142 1084 3192 cccc

47 3253 74 3296 35
86 3221 189 3298 paucis
204 3219 295 3286 minus
311 3217 450 3294 germina,
466 3223 638 3292 exstantque
649 3214 685 3275 de
701 3232 779 3276 aare
792 3213 943 3292 epistulae.
970 3216 1046 3275 misit
1057 3225 1125 3281 et95
1181 3218 1186 3226 ’

84 3303 196 3363 Neroni
209 3299 340 3361 sinriliter
351 3311 462 3362 cchx
469 3299 594 3378 stipulas
606 3317 644 3358 ex
654 3315 710 3359 uno
725 3315 825 3376 mano.
849 3316 915 3358 eum
927 3301 1083 3362 centesimo

84 3370 247 3464 quidemst
260 3383 523 3458 Leontinislciliae
540 3385 633 3462 campi
648 3382 766 3443 fundunt
780 3382 886 3459 aliique
899 3390 927 3441 et
939 3390 998 3444 tota
1012 3383 1083 3444 Bae·

82 3471 142 3533 tica
159 3480 188 3532 et
206 3471 234 3531 in
252 3467 351 3550 primis
374 3467 536 3548 Aegyptus.
565 3467 741 3530 fertilissima
758 3467 844 3526 tritici
863 3483 972 3543 genera
991 3485 1083 3528 ramo·
