2534 3866
292 220 371 269 aar.
387 219 477 268 mrsu.
493 221 576 268 uun.
591 217 709 273 at-to.
727 209 878 288 (at-eo.)
1032 205 1072 272 89

10 379 11 384 ’
89 375 185 437 civilia
204 377 303 453 paucis
325 377 410 434 ramis
426 373 622 434 eminentibus.
661 375 806 434 inventum
824 375 971 449 Sibyllinis
991 375 1072 436 libris

10 529 11 542 χ
86 459 303 519 internicionem
316 458 457 521 hominum
472 457 554 532 iore,
569 465 704 534 tantoque
727 475 789 516 eam
808 459 946 518 maiorem
965 467 1070 538 quanto

87 543 209 621 propius
226 542 262 602 ab
278 541 347 602 urbe
363 541 457 619 posita
468 541 573 602 lactum
588 549 678 616 esset
709 541 780 600 Sunt
793 540 924 618 prodigia
945 551 973 601 et
989 551 1113 606 comita
1129 585 1133 598 „

87 625 190 686 alienis
206 625 280 686 locis
295 619 475 699 enascuntur,
485 633 519 686 ut
534 625 562 683 in
576 623 720 702 capitibus
735 631 889 684 statuarum
900 625 948 684 vel
963 627 1030 700 aris,
1043 635 1073 684 et

64 727 153 775 scum
166 710 196 767 in
211 707 362 771 arboribus
374 707 444 786 ipsis
457 707 590 770 alienae„
606 707 679 769 licus
693 709 723 766 iu
737 706 818 767 lauro
834 717 898 767 nata
916 717 961 768 cst
975 705 1072 782 Cynici

10 797 12 860 l
87 801 153 852 ante
169 791 358 851 obsidionem.
391 791 475 850 simili
493 790 578 856 modo
601 789 744 854 Trallibus
764 790 859 868 palma
878 792 907 851 in
921 789 984 852 basi
1000 789 1072 850 Gae-

10 869 11 948 {
86 877 161 937 saris
184 875 332 937 dictatoris
353 875 430 934 circa
450 873 528 934 bella
549 873 643 934 civilia
663 875 733 934 eius.
768 891 824 936 aco
843 891 900 934 non
920 883 949 933 et
963 873 1072 938 Romae

86 961 115 1018 in
131 956 274 1036 Capitolio
289 959 318 1016 iu
339 957 433 1035 capite
448 955 525 1016 loris
545 955 626 1016 bello
643 956 745 1020 Persei
764 966 848 1016 enata
868 957 961 1034 palma
981 959 1072 1018 victo

85 1045 158 1104 riam
182 1041 399 1119 triumphosque
423 1039 577 1117 portendit.
616 1041 671 1100 hac
688 1039 905 1117 tempestatibus
929 1049 1074 1118 prostrata

54 1148 78 1190 so
88 1125 193 1192 eodem
214 1125 282 1184 loco
294 1124 374 1184 boas
390 1131 474 1182 enata
495 1131 540 1184 est
552 1119 753 1183 ‘littonias
769 1120 801 1182 0.
817 1120 901 1184 Cassi
921 1140 1073 1188 contorum

87 1209 233 1284 lustr'o‚,a
249 1225 306 1286 quo
323 1216 455 1284 tempore
467 1205 629 1288 pudicitiam
643 1204 811 1271 subversam
830 1206 896 1272 Piso
913 1208 1011 1284 gravis
1024 1225 1072 1268 au·

88 1302 152 1354 otor
166 1291 300 1370 prodidit.
329 1291 424 1368 Super
440 1291 533 1350 omnia
550 1299 625 1366 quae
645 1305 778 1366 umquam.
798 1289 892 1353 audita
913 1299 977 1352 aaut
998 1291 1114 1352 ariasto

88 1375 249 1455 prodigium
265 1375 407 1440 innostro
427 1391 502 1434 aevo
519 1370 642 1432 Neronis
662 1349 801 1452 principib
819 1373 899 1433 ruina
918 1373 1025 1434 iactum
1044 1375 1073 1436 in

88 1477 160 1536 agro
182 1457 362 1534 Marrucino,
381 1455 466 1516 Veoti
489 1454 620 1524 Marcelli
642 1473 659 1528 e
681 1456 779 1534 primis
801 1456 945 1535 equestris
966 1459 1074 1520 ordinis

56 1562 79 1604 rs
89 1543 199 1603 oliveto
215 1541 349 1606 universo
368 1540 442 1600 riam
460 1539 603 1618 publicam
622 1548 807 1616 transgresso
820 1541 954 1617 arvisque
973 1540 1072 1602 iodea

89 1624 236 1686 contrario
251 1625 278 1683 in
291 1624 387 1690 locam
403 1623 501 1685 oliveti
521 1621 670 1700 proiectis.
709 1673 714 1688 ,
757 1683 759 1688 ,

147 1707 201 1774 26.
218 1707 302 1784 (39..)
311 1705 397 1772 ‚Nunc
411 1706 551 1783 expositis
564 1704 697 1770 arborum
709 1703 817 1766 morbis
829 1713 1051 1768 cousentaneum
1061 1715 1114 1772 246

88 1801 135 1854 est
159 1791 258 1856 dicere
283 1798 316 1855 et
343 1787 479 1848 remedia.
507 1845 510 1855 ,,
524 1787 570 1848 Ex
593 1787 638 1854 his
663 1787 802 1867 quaedam
827 1796 892 1848 sunt
916 1789 1073 1850 communia

90 1875 223 1950 omnium,
240 1871 380 1952 quasdam
394 1870 512 1950 propria
532 1869 713 1948 quarundam,
744 1873 899 1940 communia
919 1870 1072 1948 ablaquea-

58 1961 148 2033 orio,
165 1956 371 2030 adcumulatio,
388 1953 487 2014 adflari
508 1952 620 2014 radices
641 1963 689 2017 aut
708 1955 865 2032 cooperiri,
885 1956 984 2032 riguus
1006 1955 1072 2016 dato

90 2050 159 2120 potu
176 2039 226 2100 vel
242 2037 354 2112 ablato,
377 2037 555 2106 irnumsuco
569 2035 703 2110 relectis,
724 2039 832 2114 putatio
848 2038 950 2107 levatis
972 2045 1071 2099 onere.

91 2128 158 2186 item
170 2139 243 2184 suoo
255 2122 363 2183 curioso
374 2119 513 2198 quaedam
528 2117 617 2180 veluti
632 2119 770 2186 detractio
786 2122 940 2197 sauguinis,
953 2122 1072 2194 circum·

90 2207 168 2268 rasio
182 2204 315 2280 corticis,
333 2204 431 2266 vidum
441 2202 605 2270 extenuatio
625 2202 804 2271 etdltmitura
815 2203 974 2281 palmitum,
993 2223 1073 2280 gem·

90 2309 213 2364 marum,
233 2291 258 2348 si
269 2289 360 2364 frigus
379 2285 535 2352 retorridas
545 2285 692 2364 hirtasque
706 2284 825 2359 lecerit,
842 2287 1030 2363 repumicatio
1045 2297 1074 2348 ot

60 2394 82 2435 ao
93 2373 235 2452 quaedam
247 2372 380 2450 politura.
402 2369 545 2433 Arborum
555 2369 599 2430 his
612 2369 686 2430 aliae
697 2368 788 2446 magis
800 2367 974 2440 aliaeminus
984 2386 1053 2445 gau·
1063 2379 1114 2435 aar

10 2467 12 2530 l
93 2458 177 2531 deut,
189 2455 280 2514 veluti
298 2470 453 2532 cupressus
466 2461 496 2512 et
506 2469 607 2530 aquam
619 2451 806 2531 adspernatus
824 2461 852 2518 et
868 2453 961 2518 fimum
978 2461 1006 2520 et
1019 2451 1072 2511 cir·

92 2539 301 2604 cumlossuram
319 2536 595 2614 amputationemque
609 2545 644 2604 ,et
663 2537 755 2604 omnia
771 2537 898 2602 remedia
913 2535 991 2612 odit„
1006 2536 1074 2613 quin

92 2626 177 2684 etiam
188 2630 308 2688 necatur
320 2618 500 2696 riguis‚„vitis,
513 2627 541 2678 et
555 2621 676 2697 punicae
685 2620 843 2697 praecipue
855 2621 974 2686 alantur.
1002 2619 1074 2679 licus

10 2689 12 2768 l
92 2706 180 2768 arbor
190 2707 254 2783 ipsa
266 2705 354 2780 riguis
365 2702 460 2776 alitur,
472 2716 584 2778 pomum
596 2717 666 2760 vero
682 2703 743 2761 eius
757 2704 917 2767 marcescit.
941 2701 1073 2778 amygda-

59 2809 83 2850 ao
93 2792 140 2850 lae
152 2789 177 2848 si
190 2787 318 2848 colantur
329 2787 469 2860 fossione,
481 2783 729 2854 floremamittunt.
758 2803 813 2846 neo
826 2785 923 2846 insitas
934 2788 1053 2844 circam·
1064 2793 1116 2847 248

93 2873 196 2934 fodere
209 2878 327 2949 oportet
336 2870 499 2947 priusquam
510 2864 622 2926 ualidae
632 2867 710 2928 ferre
728 2868 877 2944 coeperint
893 2885 987 2946 poma.
1011 2867 1073 2945 plu·
1171 2917 1175 2931 ,

92 2972 191 3018 rumne
213 2963 308 3016 autem
330 2952 467 3030 amputari
488 2948 542 3010 sibi
559 2948 658 3012 uolunt
675 2965 799 3016 onerosa
821 2968 856 3018 aa
883 2965 1072 3029 supervacua,

10 3061 11 3070 ¹
93 3041 170 3098 siout
181 3055 235 3098 nos
246 3038 349 3114 unguis
358 3034 536 3112 etcapillum.
549 3031 834 3100 recidunturveteres
844 3042 965 3094 totaeac
975 3047 1081 3092 rursus

94 3123 238 3184 stacione
251 3121 527 3198 aliquoresurguot,
544 3115 669 3178 sednon
687 3132 873 3191 omnes,aeo
889 3117 942 3176 nisi
957 3129 1074 3194 quarum
1177 3140 1180 3150 ·

59 3215 223 3270 assumam
236 3203 436 3282 puildlxlmut.
939 3235 950 3266 3
1002 3193 1116 3277 ¹⁰¹¹2²7⁸332⁸4⁰f
1205 3203 1206 3208 =

163 3287 249 3366 (40.)
273 3286 364 3361 Rigua
385 3284 501 3344 aestivis
523 3281 677 3361 vaporibus
699 3283 794 3359 utilia,
818 3279 1117 3354 translatumesse

94 3381 227 3434 autumno
250 3370 329 3428 varia
352 3375 519 3429 eteaatura
538 3366 608 3444 soli,
632 3367 738 3446 quippe
753 3383 816 3426 cum
830 3363 1074 3426 vindemiatorib-

34 3518 38 3524 ,
78 3457 260 3535 ωιτη
274 3459 423 3527 stagnante
440 3449 505 3512 solo
523 3467 594 3510 uvas
614 3449 746 3510 demetat.
774 3457 902 3512 ceterum
914 3447 1025 3510 maiore
1046 3446 1075 3505 in
