2538 3864
320 159 400 208 ιιι.
416 158 506 206 mrsu.
523 159 583 205 xx.
600 113 720 210 ιιι-16.
738 147 891 228 (st-63.)
1047 154 1108 214 215
1207 193 1210 208 .

133 320 136 333 ’
175 316 241 395 (59
244 315 259 392 )
283 313 329 373 De
342 315 460 393 cappari
472 314 542 374 satis
556 312 677 374 diximus
690 314 764 374 inter
775 317 948 393 peregrinos
958 317 1088 380 frutices.
1101 332 1152 386 165

110 417 167 462 uon
181 398 315 459 utendum
330 398 535 474 transmarino,
554 399 732 458 innocentius
751 407 796 458 cst
810 397 949 460 italicum.
971 402 1067 464 ferunt
1079 404 1108 446 ¹⁸·
1117 405 1152 440 ¹²⁷

110 501 162 545 ecs
188 485 236 560 qui
258 481 365 541 cotidie
385 481 414 553 id
436 481 521 542 edunt
545 482 673 559 paralysi
695 499 752 542 non
766 482 928 568 periclitari
948 503 1004 544 nec
1025 486 1109 546 lienis
1167 475 1172 486 ’

14 593 15 598 ’
110 565 268 628 doloribus.
299 564 383 625 radix
403 566 466 626 eius
485 565 642 642 vitiligines
664 564 745 626 albas
765 559 853 644 tollit',
874 569 899 626 si
919 568 1009 628 trita
1001 587 1029 628 ιι
1046 571 1109 630 sole
1172 624 1174 628 ι

83 652 257 712 siricentur.
297 648 435 728 splenicis
461 649 613 728 prodest
605 669 634 709 ιι
662 651 729 709 vinc
752 658 837 729 pctus
858 648 964 711 radicis
987 662 1091 714 cortex
1102 663 1152 719 166

74 717 218 796 duabus
236 733 413 832 drachmis,
422 733 538 812 dempto
556 733 732 796 balinearum
749 751 818 810 usu,
844 734 997 832 teruntque
1013 749 1110 796 xxxv

108 819 210 881 diebus
231 836 284 898 per
304 817 413 878 urinam
433 827 463 878 et
482 817 578 880 alvom
601 826 691 876 totum
712 816 818 878 lienem
837 820 917 878 mitti.
952 819 1091 880 bibitur
1083 839 1111 880 ιι

108 903 269 964 lumborum
284 900 435 966 doloribus
456 919 491 962 ac
512 885 650 980 paralysi.
683 900 809 961 dentium
826 901 944 963 dolores
962 903 1045 965 sedat
1062 906 1110 963 tri·

108 997 167 1048 tum
182 1005 220 1047 ex
239 994 323 1047 aceto
340 1003 439 1046 remen
449 985 607 1046 decoctum
622 985 669 1044 vel
681 985 848 1046 manducata
859 987 950 1048 radix.
973 987 1095 1047 infundi·
1103 998 1152 1053 167

74 1080 153 1135 ratur
175 1079 204 1131 ct
224 1072 334 1131 aurium
349 1070 444 1130 dolori
458 1067 612 1130 decoctum
632 1069 711 1130 cleo.
741 1069 840 1130 ulcera
855 1087 930 1147 quae
946 1069 1110 1150 phagedae·
1181 1132 1185 1152 ,

107 1173 158 1216 uas
181 1163 288 1215 vocant
310 1154 382 1214 lolia
404 1163 433 1212 et
452 1153 536 1214 radix
555 1171 660 1212 recens
683 1171 746 1212 cum
770 1153 857 1213 melle
880 1163 989 1214 sanant.
1024 1157 1111 1217 sicet

76 1255 81 1260 ’
107 1248 230 1300 strumas
247 1238 364 1298 discutit
377 1237 470 1312 radix,
487 1237 634 1314 parotidas
648 1238 881 1316 vermiculosque
893 1248 979 1315 cocta
988 1238 1017 1296 in
1027 1257 1110 1317 aqua.

106 1325 243 1384 iocineris
271 1320 421 1382 doloribus
446 1329 529 1380 tunsa
564 1338 628 1380 cum
651 1321 742 1380 farina
767 1321 932 1382 hordeacea
957 1324 1109 1400 inponitur.

106 1410 226 1468 uesicae
245 1424 360 1486 quoque
381 1405 463 1465 malis
486 1404 625 1465 medetur.
655 1404 722 1464 dant
742 1415 771 1465 ct
790 1405 828 1464 ad
850 1409 959 1468 taenias
980 1408 1009 1465 iu
1027 1417 1111 1469 aceto

14 1563 16 1568 ,
73 1500 138 1554 rect
158 1491 257 1551 melle.
296 1493 355 1549 cris
376 1489 610 1549 exulcerationes
632 1490 661 1547 in
684 1498 767 1548 aceto
788 1487 912 1552 decocta
932 1491 1016 1550 tollit.
1052 1501 1110 1551 sto·

67 1624 73 1630 .
108 1574 211 1634 macho
228 1573 356 1633 inutilem
372 1590 439 1631 esse
455 1574 529 1630 inter
545 1581 679 1632 auctores
691 1574 836 1639 convenit.

171 1670 256 1750 (60.)
274 1670 450 1746 Ligusticum
466 1701 507 1716 -·
521 1669 607 1746 aliqui
621 1686 749 1747 panaces
764 1677 869 1728 vocant
882 1703 925 1717 ψ
940 1670 1090 1731 stomacho
1103 1681 1154 1737 168

108 1755 179 1815 utile
205 1763 265 1828 est,
295 1756 362 1813 item
391 1753 644 1829 convolsionibus,
672 1751 873 1813 inflationibus.
916 1762 980 1812 sunt
1007 1762 1037 1812 et
1064 1754 1112 1830 qui

110 1839 233 1900 cunilam
248 1836 382 1897 bubulam
399 1836 625 1916 appellaverint,
641 1845 670 1896 ut
687 1835 816 1912 diximus,
831 1836 917 1895 falso.
934 1879 938 1888 .
1082 1855 1112 1906 rs,
1122 1859 1154 1896 ιιι

71 1963 99 2004 20
173 1939 222 2001 16.
240 1939 325 2019 (61.)
350 1937 468 1999 Gunilae
492 1947 610 2017 praeter
634 1939 753 1998 sativam
773 1937 857 2020 plura
879 1946 943 1998 sunt
958 1938 985 1997 in
1002 1940 1090 2000 medi·
1103 1951 1154 2006 169

111 2025 175 2085 cina
193 2041 312 2100 genera.
336 2040 410 2100 quae
425 2021 532 2081 bubula
550 2021 713 2100 appellatur
731 2039 829 2082 semen
842 2023 921 2100 pulei
937 2022 1025 2082 babet
1042 2024 1111 2084 utile
1196 2031 1197 2034 ’

32 2139 35 2146 ·
109 2108 146 2169 ad
163 2108 283 2167 volnera
303 2105 556 2167 conmanducatum
571 2107 798 2184 inpositumque,
822 2115 851 2166 ut
867 2107 966 2183 quinto
982 2117 1050 2185 post
1066 2109 1111 2172 die

109 2193 248 2254 solvatur.
281 2192 310 2250 e't
326 2200 426 2250 contra
442 2190 585 2268 serpentis
602 2189 710 2248 invino
725 2188 880 2248 bibiturae
898 2191 992 2248 tritum
1006 2191 1112 2270 plagae

32 2322 48 2341 ..
109 2277 266 2355 inponitur.
296 2273 417 2336 volnera
433 2273 468 2332 ab
480 2273 524 2333 his
540 2273 615 2332 iacta
631 2271 799 2349 perlricant.
821 2270 854 2309 **
871 2274 939 2332 item
951 2273 1111 2334 testudines

73 2386 100 2426 25
114 2379 178 2419 cum
189 2358 374 2438 serpentibus
387 2366 581 2437 pugnaturae,
597 2355 766 2434 quidamque
781 2357 809 2414 irr
824 2355 882 2415 hoc
893 2359 1113 2435 usu'panaceam

111 2453 226 2503 vocant.
244 2443 326 2502 sedat
340 2451 369 2501 et
382 2448 509 2502 tumores
521 2448 550 2500 et
560 2440 682 2501 virilium
696 2440 771 2500 mala
785 2443 863 2500 sicca
876 2439 926 2499 vel
936 2439 1013 2500 loliis
1028 2443 1112 2519 tritis,

94 2527 140 2585 in
157 2527 232 2585 omni
247 2545 301 2585 usu
315 2527 387 2586 mire
402 2543 566 2602 congruens
579 2525 655 2585 vino.

176 2622 261 2702 (62.)
278 2621 336 2683 Est
349 2624 406 2684 alia
416 2621 523 2710 cunila,
539 2622 700 2697 gallinacea
713 2621 859 2699 appellata
870 2622 987 2696 nostris,
1004 2619 1091 2682 Grae·
1105 2629 1156 2685 lio

114 2711 156 2768 cis
175 2709 324 2806 origanum
336 2695 581 2767 Heracleoticum.
607 2705 728 2783 prodest
743 2705 835 2764 oculis
847 2705 912 2764 trita
929 2704 1025 2764 addito
1040 2707 1136 2765 sale.

76 2792 213 2854 actussim
234 2807 350 2868 quoque
373 2788 505 2849 emendat
528 2797 557 2847 et
574 2789 730 2847 iocinerum
745 2788 831 2862 vitia,
854 2786 975 2846 laterum
996 2787 1113 2850 dolores
1226 2812 1232 2820 ·

114 2894 177 2936 cum
191 2875 300 2948 farina,
323 2874 389 2934 cleo
412 2883 441 2933 et
456 2881 539 2933 aceto
556 2873 584 2931 in
601 2871 790 2931 sorbitionem
804 2879 978 2949 temperata,
1000 2873 1113 2949 praeci·
1189 2887 1191 2892 ’

114 2978 171 3038 pue
186 2975 260 3018 vero
277 2959 453 3036 serpentium
468 2973 591 3018 morsus.

181 3075 247 3174 (63
249 3077 264 3152 )
276 3075 405 3134 'tertium
420 3092 511 3150 genus
528 3082 572 3133 est
589 3073 650 3132 eius
667 3090 739 3150 quae
756 3091 771 3133 a
787 3073 906 3134 Graecis
921 3071 1058 3146 mascula,
1076 3079 1153 3136 alil

115 3160 225 3220 nostris
241 3159 375 3258 cunilago
391 3167 522 3234 vocatur,
544 3155 641 3217 odoris
657 3155 751 3236 icedi,
767 3157 874 3216 radicis
888 3157 1025 3232 limosae,
1041 3155 1112 3215 folio

77 3265 105 3306 ιι
116 3259 233 3322 aspero.
258 3243 335 3302 viris
364 3245 426 3303 cius
453 3241 756 3301 vehementissimas
747 3259 776 3300 ιι
804 3240 932 3301 omnibus
957 3200 1113 3318 gendribus

116 3343 214 3388 carum
236 3327 364 3402 tradunt,
383 3324 528 3402 manipulo
550 3343 664 3404 quoque
688 3326 749 3385 cius
771 3322 885 3385 abiecto
907 3326 996 3386 omnis
1010 3343 1033 3384 e
1055 3331 1114 3383 tota

116 3410 202 3472 domo
217 3409 322 3471 blattas
338 3411 494 3470 convenire
527 3405 562 3468 ad
579 3427 656 3484 eam,
681 3409 813 3486 privatim
828 3408 966 3468 adversus
983 3409 1114 3486 scorpio·

1148 3727 1161 3758 '
1188 3715 1255 3810 gl
