<?xml version="1.0" encoding="UTF-8"?>
<!DOCTYPE html PUBLIC "-//W3C//DTD XHTML 1.0 Transitional//EN"
    "http://www.w3.org/TR/xhtml1/DTD/xhtml1-transitional.dtd">
<html xmlns="http://www.w3.org/1999/xhtml" xml:lang="en" lang="en">
 <head>
  <title>
</title>
<meta http-equiv="Content-Type" content="text/html;charset=utf-8" />
  <meta name='ocr-system' content='tesseract 3.04.00' />
  <meta name='ocr-capabilities' content='ocr_page ocr_carea ocr_par ocr_line ocrx_word'/>
</head>
<body>
  <div class='ocr_page' id='page_1' title='image "./cplinisecundina23plingoog_0128.png"; bbox 0 0 2534 3866; ppageno 0'>
   <div class='ocr_carea' id='block_1_1' title="bbox 226 198 1108 276">
    <p class='ocr_par' dir='ltr' id='par_1_1' title="bbox 226 198 1108 276">
     <span class='ocr_line' id='line_1_1' title="bbox 226 198 1108 276; baseline 0.011 -25"><span class='ocrx_word' id='word_1_1' title='bbox 226 237 231 243; x_wconf 93' lang='lat'>.</span> <span class='ocrx_word' id='word_1_2' title='bbox 318 204 397 253; x_wconf 83' lang='lat' dir='ltr'>uun.</span> <span class='ocrx_word' id='word_1_3' title='bbox 413 200 504 254; x_wconf 82' lang='lat' dir='ltr'>meu.</span> <span class='ocrx_word' id='word_1_4' title='bbox 527 208 613 255; x_wconf 87' lang='lat' dir='ltr'>xv11.</span> <span class='ocrx_word' id='word_1_5' title='bbox 631 205 749 260; x_wconf 78' lang='lat' dir='ltr'>uu-no.</span> <span class='ocrx_word' id='word_1_6' title='bbox 768 198 918 276; x_wconf 79' lang='lat' dir='ltr'>(eo-34.)</span> <span class='ocrx_word' id='word_1_7' title='bbox 1053 200 1108 260; x_wconf 52' lang='lat'>71*</span> 
     </span>
    </p>
   </div>
   <div class='ocr_carea' id='block_1_2' title="bbox 15 358 1202 3526">
    <p class='ocr_par' dir='ltr' id='par_1_2' title="bbox 15 358 1202 3526">
     <span class='ocr_line' id='line_1_2' title="bbox 98 358 1094 440; baseline 0.006 -22"><span class='ocrx_word' id='word_1_8' title='bbox 98 359 165 418; x_wconf 89' lang='lat' dir='ltr'>dem</span> <span class='ocrx_word' id='word_1_9' title='bbox 182 358 293 417; x_wconf 87' lang='lat' dir='ltr'>fructus</span> <span class='ocrx_word' id='word_1_10' title='bbox 315 360 408 436; x_wconf 79' lang='lat' dir='ltr'>gratia</span> <span class='ocrx_word' id='word_1_11' title='bbox 428 363 558 422; x_wconf 82' lang='lat' dir='ltr'>serendis</span> <span class='ocrx_word' id='word_1_12' title='bbox 578 362 798 440; x_wconf 77' lang='lat' dir='ltr'>inserendisque</span> <span class='ocrx_word' id='word_1_13' title='bbox 819 363 847 420; x_wconf 93' lang='lat' dir='ltr'>in</span> <span class='ocrx_word' id='word_1_14' title='bbox 863 364 1024 424; x_wconf 87' lang='lat' dir='ltr'>universum</span> <span class='ocrx_word' id='word_1_15' title='bbox 1038 365 1094 424; x_wconf 90' lang='lat' dir='ltr'>sint</span> 
     </span>
     <span class='ocr_line' id='line_1_3' title="bbox 98 441 848 502; baseline 0 -2"><span class='ocrx_word' id='word_1_16' title='bbox 98 441 174 502; x_wconf 90' lang='lat' dir='ltr'>dieta</span> <span class='ocrx_word' id='word_1_17' title='bbox 190 443 274 501; x_wconf 88' lang='lat' dir='ltr'>haec.</span> <span class='ocrx_word' id='word_1_18' title='bbox 845 471 848 478; x_wconf 40' lang='lat' dir='ltr'>v</span> 
     </span>
     <span class='ocr_line' id='line_1_4' title="bbox 107 525 1135 610; baseline 0.012 -26.652"><span class='ocrx_word' id='word_1_19' title='bbox 107 525 211 588; x_wconf 20' lang='lat'>&amp;20</span> <span class='ocrx_word' id='word_1_20' title='bbox 233 525 317 605; x_wconf 84' lang='lat'>(32)</span> <span class='ocrx_word' id='word_1_21' title='bbox 341 525 442 587; x_wconf 87' lang='lat' dir='ltr'>Restat</span> <span class='ocrx_word' id='word_1_22' title='bbox 458 547 555 588; x_wconf 88' lang='lat' dir='ltr'>earum</span> <span class='ocrx_word' id='word_1_23' title='bbox 570 530 643 590; x_wconf 87' lang='lat' dir='ltr'>ratio</span> <span class='ocrx_word' id='word_1_24' title='bbox 657 547 733 606; x_wconf 89' lang='lat' dir='ltr'>quae</span> <span class='ocrx_word' id='word_1_25' title='bbox 749 542 871 610; x_wconf 87' lang='lat' dir='ltr'>propter</span> <span class='ocrx_word' id='word_1_26' title='bbox 887 532 957 592; x_wconf 89' lang='lat' dir='ltr'>alias</span> <span class='ocrx_word' id='word_1_27' title='bbox 971 549 1069 590; x_wconf 88' lang='lat' dir='ltr'>seruu-</span> <span class='ocrx_word' id='word_1_28' title='bbox 1083 541 1135 595; x_wconf 88' lang='grc'>141</span> 
     </span>
     <span class='ocr_line' id='line_1_5' title="bbox 98 611 1092 696; baseline 0.007 -28"><span class='ocrx_word' id='word_1_29' title='bbox 98 618 162 684; x_wconf 93' lang='lat' dir='ltr'>tur,</span> <span class='ocrx_word' id='word_1_30' title='bbox 188 627 224 669; x_wconf 91' lang='lat' dir='ltr'>ac</span> <span class='ocrx_word' id='word_1_31' title='bbox 247 611 346 670; x_wconf 85' lang='lat' dir='ltr'>vineas</span> <span class='ocrx_word' id='word_1_32' title='bbox 368 628 515 696; x_wconf 80' lang='lat' dir='ltr'>maxume,</span> <span class='ocrx_word' id='word_1_33' title='bbox 544 613 653 672; x_wconf 87' lang='lat' dir='ltr'>caeduo</span> <span class='ocrx_word' id='word_1_34' title='bbox 675 613 765 689; x_wconf 84' lang='lat' dir='ltr'>ligno.</span> <span class='ocrx_word' id='word_1_35' title='bbox 798 615 1018 693; x_wconf 89' lang='lat' dir='ltr'>Principatum</span> <span class='ocrx_word' id='word_1_36' title='bbox 1010 633 1037 673; x_wconf 92' lang='grc' dir='ltr'>ιιι</span> <span class='ocrx_word' id='word_1_37' title='bbox 1058 616 1092 675; x_wconf 89' lang='lat' dir='ltr'>iis</span> 
     </span>
     <span class='ocr_line' id='line_1_6' title="bbox 77 688 1202 774; baseline 0.004 -21"><span class='ocrx_word' id='word_1_38' title='bbox 77 695 231 771; x_wconf 72' lang='lat' dir='ltr'>septicent</span> <span class='ocrx_word' id='word_1_39' title='bbox 247 688 386 769; x_wconf 84' lang='lat' dir='ltr'>salices,</span> <span class='ocrx_word' id='word_1_40' title='bbox 380 712 498 771; x_wconf 87' lang='lat' dir='ltr'>quarum</span> <span class='ocrx_word' id='word_1_41' title='bbox 512 698 585 756; x_wconf 89' lang='lat' dir='ltr'>satio</span> <span class='ocrx_word' id='word_1_42' title='bbox 599 697 630 756; x_wconf 89' lang='lat' dir='ltr'>lit</span> <span class='ocrx_word' id='word_1_43' title='bbox 645 695 714 756; x_wconf 89' lang='lat' dir='ltr'>loco</span> <span class='ocrx_word' id='word_1_44' title='bbox 729 698 853 774; x_wconf 90' lang='lat' dir='ltr'>madido,</span> <span class='ocrx_word' id='word_1_45' title='bbox 869 708 964 758; x_wconf 89' lang='lat' dir='ltr'>tamen</span> <span class='ocrx_word' id='word_1_46' title='bbox 976 698 1092 757; x_wconf 88' lang='lat' dir='ltr'>refosso</span> <span class='ocrx_word' id='word_1_47' title='bbox 1200 726 1202 732; x_wconf 53' lang='lat'><strong><em>¹</em></strong></span> 
     </span>
     <span class='ocr_line' id='line_1_7' title="bbox 98 777 1091 860; baseline 0.003 -24"><span class='ocrx_word' id='word_1_48' title='bbox 98 777 192 856; x_wconf 87' lang='lat' dir='ltr'>pedes</span> <span class='ocrx_word' id='word_1_49' title='bbox 216 779 288 838; x_wconf 91' lang='lat' dir='ltr'>duos</span> <span class='ocrx_word' id='word_1_50' title='bbox 312 787 341 837; x_wconf 91' lang='lat' dir='ltr'>et</span> <span class='ocrx_word' id='word_1_51' title='bbox 361 779 554 856; x_wconf 85' lang='lat' dir='ltr'>semipedem,</span> <span class='ocrx_word' id='word_1_52' title='bbox 580 781 656 841; x_wconf 90' lang='lat' dir='ltr'>talea</span> <span class='ocrx_word' id='word_1_53' title='bbox 678 782 876 860; x_wconf 79' lang='lat' dir='ltr'>sesquipedali</span> <span class='ocrx_word' id='word_1_54' title='bbox 895 781 943 840; x_wconf 89' lang='lat' dir='ltr'>vel</span> <span class='ocrx_word' id='word_1_55' title='bbox 970 782 1091 857; x_wconf 88' lang='lat' dir='ltr'>pertica,</span> 
     </span>
     <span class='ocr_line' id='line_1_8' title="bbox 99 861 1091 945; baseline 0.001 -25"><span class='ocrx_word' id='word_1_56' title='bbox 99 879 175 939; x_wconf 87' lang='lat' dir='ltr'>quae</span> <span class='ocrx_word' id='word_1_57' title='bbox 190 861 287 921; x_wconf 88' lang='lat' dir='ltr'>utilior</span> <span class='ocrx_word' id='word_1_58' title='bbox 302 879 358 939; x_wconf 95' lang='lat' dir='ltr'>quo</span> <span class='ocrx_word' id='word_1_59' title='bbox 375 862 496 939; x_wconf 83' lang='lat' dir='ltr'>plenior.</span> <span class='ocrx_word' id='word_1_60' title='bbox 527 863 682 924; x_wconf 91' lang='lat' dir='ltr'>lntervallo</span> <span class='ocrx_word' id='word_1_61' title='bbox 703 882 769 924; x_wconf 90' lang='lat' dir='ltr'>esse</span> <span class='ocrx_word' id='word_1_62' title='bbox 790 865 897 926; x_wconf 88' lang='lat' dir='ltr'>debent</span> <span class='ocrx_word' id='word_1_63' title='bbox 911 862 1003 945; x_wconf 88' lang='lat' dir='ltr'>pedes</span> <span class='ocrx_word' id='word_1_64' title='bbox 1019 865 1091 922; x_wconf 90' lang='lat' dir='ltr'>seni.</span> 
     </span>
     <span class='ocr_line' id='line_1_9' title="bbox 98 945 1136 1024; baseline 0.006 -21"><span class='ocrx_word' id='word_1_65' title='bbox 98 947 200 1004; x_wconf 89' lang='lat' dir='ltr'>trimae</span> <span class='ocrx_word' id='word_1_66' title='bbox 216 945 339 1023; x_wconf 90' lang='lat' dir='ltr'>pedibus</span> <span class='ocrx_word' id='word_1_67' title='bbox 354 945 462 1006; x_wconf 89' lang='lat' dir='ltr'>binisa</span> <span class='ocrx_word' id='word_1_68' title='bbox 480 956 557 1007; x_wconf 87' lang='lat' dir='ltr'>terra</span> <span class='ocrx_word' id='word_1_69' title='bbox 573 949 721 1024; x_wconf 87' lang='lat' dir='ltr'>putatione</span> <span class='ocrx_word' id='word_1_70' title='bbox 736 959 924 1024; x_wconf 68' lang='lat' dir='ltr'>coercentur,</span> <span class='ocrx_word' id='word_1_71' title='bbox 948 957 978 1007; x_wconf 92' lang='lat' dir='ltr'>ut</span> <span class='ocrx_word' id='word_1_72' title='bbox 994 965 1027 1006; x_wconf 86' lang='lat' dir='ltr'>sa</span> <span class='ocrx_word' id='word_1_73' title='bbox 1042 949 1071 1005; x_wconf 93' lang='lat' dir='ltr'>in</span> <span class='ocrx_word' id='word_1_74' title='bbox 1084 955 1136 1008; x_wconf 75' lang='lat'>142</span> 
     </span>
     <span class='ocr_line' id='line_1_10' title="bbox 99 1028 1091 1102; baseline 0 -14"><span class='ocrx_word' id='word_1_75' title='bbox 99 1028 276 1088; x_wconf 89' lang='lat' dir='ltr'>latitudinem</span> <span class='ocrx_word' id='word_1_76' title='bbox 291 1029 408 1089; x_wconf 87' lang='lat' dir='ltr'>landant</span> <span class='ocrx_word' id='word_1_77' title='bbox 426 1047 460 1090; x_wconf 90' lang='lat' dir='ltr'>ac</span> <span class='ocrx_word' id='word_1_78' title='bbox 478 1032 539 1090; x_wconf 89' lang='lat' dir='ltr'>sine</span> <span class='ocrx_word' id='word_1_79' title='bbox 555 1031 641 1092; x_wconf 86' lang='lat' dir='ltr'>scalis</span> <span class='ocrx_word' id='word_1_80' title='bbox 657 1032 837 1092; x_wconf 83' lang='lat' dir='ltr'>tondeantur.</span> <span class='ocrx_word' id='word_1_81' title='bbox 869 1033 944 1092; x_wconf 84' lang='lat' dir='ltr'>salix</span> <span class='ocrx_word' id='word_1_82' title='bbox 960 1032 1033 1102; x_wconf 87' lang='lat' dir='ltr'>enim</span> <span class='ocrx_word' id='word_1_83' title='bbox 1049 1030 1091 1089; x_wconf 87' lang='lat' dir='ltr'>ie·</span> 
     </span>
     <span class='ocr_line' id='line_1_11' title="bbox 68 1112 1090 1194; baseline 0.002 -24"><span class='ocrx_word' id='word_1_84' title='bbox 68 1112 220 1177; x_wconf 62' lang='lat' dir='ltr'>iucundior</span> <span class='ocrx_word' id='word_1_85' title='bbox 234 1129 292 1190; x_wconf 94' lang='lat' dir='ltr'>quo</span> <span class='ocrx_word' id='word_1_86' title='bbox 306 1121 403 1172; x_wconf 87' lang='lat' dir='ltr'>terrae</span> <span class='ocrx_word' id='word_1_87' title='bbox 419 1115 548 1191; x_wconf 89' lang='lat' dir='ltr'>propior.</span> <span class='ocrx_word' id='word_1_88' title='bbox 583 1114 635 1174; x_wconf 82' lang='lat' dir='ltr'>luas</span> <span class='ocrx_word' id='word_1_89' title='bbox 652 1133 767 1194; x_wconf 89' lang='lat' dir='ltr'>quoque</span> <span class='ocrx_word' id='word_1_90' title='bbox 782 1116 913 1176; x_wconf 91' lang='lat' dir='ltr'>omnibus</span> <span class='ocrx_word' id='word_1_91' title='bbox 928 1117 1008 1175; x_wconf 89' lang='lat' dir='ltr'>annis</span> <span class='ocrx_word' id='word_1_92' title='bbox 1024 1131 1090 1173; x_wconf 93' lang='lat' dir='ltr'>con·</span> 
     </span>
     <span class='ocr_line' id='line_1_12' title="bbox 15 1195 1134 1275; baseline 0.005 -21"><span class='ocrx_word' id='word_1_93' title='bbox 15 1241 17 1274; x_wconf 77' lang='lat'>.</span> <span class='ocrx_word' id='word_1_94' title='bbox 98 1195 158 1258; x_wconf 85' lang='lat' dir='ltr'>lodi</span> <span class='ocrx_word' id='word_1_95' title='bbox 185 1196 291 1255; x_wconf 85' lang='lat' dir='ltr'>iubent</span> <span class='ocrx_word' id='word_1_96' title='bbox 312 1214 411 1256; x_wconf 90' lang='lat' dir='ltr'>meuse</span> <span class='ocrx_word' id='word_1_97' title='bbox 439 1196 541 1275; x_wconf 83' lang='lat' dir='ltr'>Aprili.</span> <span class='ocrx_word' id='word_1_98' title='bbox 579 1197 659 1258; x_wconf 87' lang='lat' dir='ltr'>llaec</span> <span class='ocrx_word' id='word_1_99' title='bbox 686 1207 732 1258; x_wconf 92' lang='lat' dir='ltr'>est</span> <span class='ocrx_word' id='word_1_100' title='bbox 754 1201 926 1260; x_wconf 88' lang='lat' dir='ltr'>viminalium</span> <span class='ocrx_word' id='word_1_101' title='bbox 950 1199 1070 1258; x_wconf 87' lang='lat' dir='ltr'>cultura.</span> <span class='ocrx_word' id='word_1_102' title='bbox 1083 1205 1134 1260; x_wconf 86' lang='grc'>143</span> 
     </span>
     <span class='ocr_line' id='line_1_13' title="bbox 15 1279 1091 1360; baseline -0.001 -20"><span class='ocrx_word' id='word_1_103' title='bbox 15 1279 32 1340; x_wconf 79' lang='lat'>.&#39;</span> <span class='ocrx_word' id='word_1_104' title='bbox 97 1280 246 1356; x_wconf 89' lang='lat' dir='ltr'>pertioalis</span> <span class='ocrx_word' id='word_1_105' title='bbox 262 1289 292 1338; x_wconf 93' lang='lat' dir='ltr'>et</span> <span class='ocrx_word' id='word_1_106' title='bbox 304 1282 386 1357; x_wconf 80' lang='lat' dir='ltr'>virga</span> <span class='ocrx_word' id='word_1_107' title='bbox 403 1289 431 1339; x_wconf 89' lang='lat' dir='ltr'>et</span> <span class='ocrx_word' id='word_1_108' title='bbox 446 1280 522 1341; x_wconf 88' lang='lat' dir='ltr'>talea</span> <span class='ocrx_word' id='word_1_109' title='bbox 539 1283 661 1357; x_wconf 89' lang='lat' dir='ltr'>seritur,</span> <span class='ocrx_word' id='word_1_110' title='bbox 684 1281 798 1343; x_wconf 79' lang='lat' dir='ltr'>fossura</span> <span class='ocrx_word' id='word_1_111' title='bbox 817 1284 928 1344; x_wconf 89' lang='lat' dir='ltr'>eadem.</span> <span class='ocrx_word' id='word_1_112' title='bbox 949 1283 1091 1360; x_wconf 67' lang='lat' dir='ltr'>vperticas</span> 
     </span>
     <span class='ocr_line' id='line_1_14' title="bbox 15 1363 1090 1442; baseline -0.002 -16"><span class='ocrx_word' id='word_1_113' title='bbox 15 1363 17 1426; x_wconf 72' lang='grc' dir='ltr'>ἐ</span> <span class='ocrx_word' id='word_1_114' title='bbox 97 1381 186 1423; x_wconf 81' lang='lat' dir='ltr'>exea</span> <span class='ocrx_word' id='word_1_115' title='bbox 207 1363 290 1424; x_wconf 87' lang='lat' dir='ltr'>caedi</span> <span class='ocrx_word' id='word_1_116' title='bbox 309 1365 413 1424; x_wconf 88' lang='lat' dir='ltr'>iustum</span> <span class='ocrx_word' id='word_1_117' title='bbox 431 1374 477 1424; x_wconf 89' lang='lat' dir='ltr'>est</span> <span class='ocrx_word' id='word_1_118' title='bbox 496 1374 598 1442; x_wconf 89' lang='lat' dir='ltr'>quarto</span> <span class='ocrx_word' id='word_1_119' title='bbox 621 1365 684 1425; x_wconf 90' lang='lat' dir='ltr'>iere</span> <span class='ocrx_word' id='word_1_120' title='bbox 706 1383 790 1427; x_wconf 89' lang='lat' dir='ltr'>anno.</span> <span class='ocrx_word' id='word_1_121' title='bbox 823 1377 851 1428; x_wconf 86' lang='lat' dir='ltr'>et</span> <span class='ocrx_word' id='word_1_122' title='bbox 865 1367 919 1428; x_wconf 90' lang='lat' dir='ltr'>hae</span> <span class='ocrx_word' id='word_1_123' title='bbox 935 1375 1029 1426; x_wconf 89' lang='lat' dir='ltr'>autem</span> <span class='ocrx_word' id='word_1_124' title='bbox 1044 1383 1090 1424; x_wconf 91' lang='lat' dir='ltr'>se·</span> 
     </span>
     <span class='ocr_line' id='line_1_15' title="bbox 15 1447 1090 1529; baseline 0.003 -24"><span class='ocrx_word' id='word_1_125' title='bbox 15 1501 17 1526; x_wconf 56' lang='lat'>,</span> <span class='ocrx_word' id='word_1_126' title='bbox 96 1448 275 1506; x_wconf 90' lang='lat' dir='ltr'>nescentium</span> <span class='ocrx_word' id='word_1_127' title='bbox 294 1447 390 1507; x_wconf 91' lang='lat' dir='ltr'>loouru</span> <span class='ocrx_word' id='word_1_128' title='bbox 411 1451 610 1526; x_wconf 89' lang='lat' dir='ltr'>praesarciunt</span> <span class='ocrx_word' id='word_1_129' title='bbox 633 1452 745 1527; x_wconf 89' lang='lat' dir='ltr'>pertica</span> <span class='ocrx_word' id='word_1_130' title='bbox 765 1461 832 1529; x_wconf 93' lang='lat' dir='ltr'>post</span> <span class='ocrx_word' id='word_1_131' title='bbox 846 1468 957 1513; x_wconf 92' lang='lat' dir='ltr'>anuum.</span> <span class='ocrx_word' id='word_1_132' title='bbox 986 1450 1090 1510; x_wconf 83' lang='lat' dir='ltr'>Selleis</span> 
     </span>
     <span class='ocr_line' id='line_1_16' title="bbox 15 1530 1089 1609; baseline -0.003 -16"><span class='ocrx_word' id='word_1_133' title='bbox 15 1535 16 1544; x_wconf 75' lang='grc'>’</span> <span class='ocrx_word' id='word_1_134' title='bbox 68 1530 238 1593; x_wconf 76' lang='lat' dir='ltr'>laviminalis</span> <span class='ocrx_word' id='word_1_135' title='bbox 266 1531 365 1607; x_wconf 84' lang='lat' dir='ltr'>iugera</span> <span class='ocrx_word' id='word_1_136' title='bbox 391 1533 503 1608; x_wconf 86' lang='lat' dir='ltr'>singula</span> <span class='ocrx_word' id='word_1_137' title='bbox 530 1532 676 1592; x_wconf 85' lang='lat' dir='ltr'>sufficiunt</span> <span class='ocrx_word' id='word_1_138' title='bbox 701 1548 773 1592; x_wconf 85' lang='lat' dir='ltr'>xxv</span> <span class='ocrx_word' id='word_1_139' title='bbox 797 1536 902 1594; x_wconf 84' lang='lat' dir='ltr'>uineae</span> <span class='ocrx_word' id='word_1_140' title='bbox 932 1534 1089 1609; x_wconf 83' lang='lat' dir='ltr'>iugeribus.</span> 
     </span>
     <span class='ocr_line' id='line_1_17' title="bbox 96 1612 1088 1694; baseline 0.003 -23"><span class='ocrx_word' id='word_1_141' title='bbox 96 1612 234 1672; x_wconf 84' lang='lat' dir='ltr'>Eiusdem</span> <span class='ocrx_word' id='word_1_142' title='bbox 248 1614 291 1671; x_wconf 89' lang='lat' dir='ltr'>rei</span> <span class='ocrx_word' id='word_1_143' title='bbox 307 1631 394 1673; x_wconf 90' lang='lat' dir='ltr'>eausa</span> <span class='ocrx_word' id='word_1_144' title='bbox 409 1616 533 1692; x_wconf 95' lang='lat' dir='ltr'>populus</span> <span class='ocrx_word' id='word_1_145' title='bbox 549 1615 615 1674; x_wconf 91' lang='lat' dir='ltr'>alba</span> <span class='ocrx_word' id='word_1_146' title='bbox 632 1620 737 1674; x_wconf 87' lang='lat' dir='ltr'>seritur</span> <span class='ocrx_word' id='word_1_147' title='bbox 750 1616 913 1694; x_wconf 87' lang='lat' dir='ltr'>bipedaneo</span> <span class='ocrx_word' id='word_1_148' title='bbox 934 1617 1088 1693; x_wconf 83' lang='lat' dir='ltr'>pastinato,</span> 
     </span>
     <span class='ocr_line' id='line_1_18' title="bbox 95 1695 1090 1774; baseline 0.003 -20"><span class='ocrx_word' id='word_1_149' title='bbox 95 1695 172 1756; x_wconf 88' lang='lat' dir='ltr'>talea</span> <span class='ocrx_word' id='word_1_150' title='bbox 188 1697 396 1774; x_wconf 79' lang='lat' dir='ltr'>sesquipedali,</span> <span class='ocrx_word' id='word_1_151' title='bbox 412 1696 498 1757; x_wconf 86' lang='lat' dir='ltr'>biduo</span> <span class='ocrx_word' id='word_1_152' title='bbox 515 1699 634 1772; x_wconf 88' lang='lat' dir='ltr'>siccata,</span> <span class='ocrx_word' id='word_1_153' title='bbox 654 1697 811 1774; x_wconf 80' lang='lat' dir='ltr'>palmipedi</span> <span class='ocrx_word' id='word_1_154' title='bbox 831 1699 995 1774; x_wconf 87' lang='lat' dir='ltr'>interuallo,</span> <span class='ocrx_word' id='word_1_155' title='bbox 1013 1708 1090 1757; x_wconf 86' lang='lat' dir='ltr'>terra</span> 
     </span>
     <span class='ocr_line' id='line_1_19' title="bbox 96 1780 818 1858; baseline 0.004 -21"><span class='ocrx_word' id='word_1_156' title='bbox 96 1781 292 1858; x_wconf 87' lang='lat' dir='ltr'>superiniecta</span> <span class='ocrx_word' id='word_1_157' title='bbox 308 1780 428 1838; x_wconf 92' lang='lat' dir='ltr'>duorum</span> <span class='ocrx_word' id='word_1_158' title='bbox 444 1780 603 1840; x_wconf 90' lang='lat' dir='ltr'>cubitorum</span> <span class='ocrx_word' id='word_1_159' title='bbox 620 1781 818 1841; x_wconf 85' lang='lat' dir='ltr'>crassitudine.</span> 
     </span>
     <span class='ocr_line' id='line_1_20' title="bbox 161 1863 1132 1944; baseline 0.002 -20"><span class='ocrx_word' id='word_1_160' title='bbox 161 1863 245 1942; x_wconf 83' lang='lat'>(33.)</span> <span class='ocrx_word' id='word_1_161' title='bbox 268 1863 403 1922; x_wconf 85' lang='lat' dir='ltr'>Harundo</span> <span class='ocrx_word' id='word_1_162' title='bbox 420 1865 571 1924; x_wconf 82' lang='lat' dir='ltr'>etiamnum</span> <span class='ocrx_word' id='word_1_163' title='bbox 587 1864 721 1924; x_wconf 88' lang='lat' dir='ltr'>dilutiore</span> <span class='ocrx_word' id='word_1_164' title='bbox 743 1864 900 1944; x_wconf 82' lang='lat' dir='ltr'>quamhae</span> <span class='ocrx_word' id='word_1_165' title='bbox 921 1863 985 1924; x_wconf 90' lang='lat' dir='ltr'>solo</span> <span class='ocrx_word' id='word_1_166' title='bbox 1000 1881 1069 1940; x_wconf 81' lang='lat' dir='ltr'>gau·</span> <span class='ocrx_word' id='word_1_167' title='bbox 1082 1871 1132 1926; x_wconf 89' lang='grc'>144</span> 
     </span>
     <span class='ocr_line' id='line_1_21' title="bbox 65 1945 1087 2024; baseline -0.003 -16"><span class='ocrx_word' id='word_1_168' title='bbox 65 1947 155 2008; x_wconf 79' lang='lat' dir='ltr'>nodet.</span> <span class='ocrx_word' id='word_1_169' title='bbox 188 1948 295 2006; x_wconf 87' lang='lat' dir='ltr'>seritur</span> <span class='ocrx_word' id='word_1_170' title='bbox 305 1945 398 2006; x_wconf 85' lang='lat' dir='ltr'>bulbo</span> <span class='ocrx_word' id='word_1_171' title='bbox 412 1945 528 2022; x_wconf 91' lang='lat' dir='ltr'>radicis,</span> <span class='ocrx_word' id='word_1_172' title='bbox 545 1947 623 2024; x_wconf 93' lang='lat' dir='ltr'>quod</span> <span class='ocrx_word' id='word_1_173' title='bbox 637 1947 684 2006; x_wconf 89' lang='lat' dir='ltr'>alii</span> <span class='ocrx_word' id='word_1_174' title='bbox 700 1950 813 2009; x_wconf 88' lang='lat' dir='ltr'>oculum</span> <span class='ocrx_word' id='word_1_175' title='bbox 827 1958 949 2023; x_wconf 83' lang='lat' dir='ltr'>vocant,</span> <span class='ocrx_word' id='word_1_176' title='bbox 966 1947 1087 2008; x_wconf 89' lang='lat' dir='ltr'>dodran·</span> 
     </span>
     <span class='ocr_line' id='line_1_22' title="bbox 98 2029 1087 2111; baseline -0.001 -21"><span class='ocrx_word' id='word_1_177' title='bbox 98 2031 148 2090; x_wconf 91' lang='lat' dir='ltr'>tali</span> <span class='ocrx_word' id='word_1_178' title='bbox 161 2029 279 2104; x_wconf 86' lang='lat' dir='ltr'>scrobe,</span> <span class='ocrx_word' id='word_1_179' title='bbox 298 2030 450 2089; x_wconf 88' lang='lat' dir='ltr'>intervallo</span> <span class='ocrx_word' id='word_1_180' title='bbox 466 2030 549 2089; x_wconf 92' lang='lat' dir='ltr'>duum</span> <span class='ocrx_word' id='word_1_181' title='bbox 564 2030 669 2107; x_wconf 89' lang='lat' dir='ltr'>pedum</span> <span class='ocrx_word' id='word_1_182' title='bbox 680 2041 709 2090; x_wconf 90' lang='lat' dir='ltr'>et</span> <span class='ocrx_word' id='word_1_183' title='bbox 721 2033 886 2111; x_wconf 87' lang='lat' dir='ltr'>semipedis,</span> <span class='ocrx_word' id='word_1_184' title='bbox 903 2033 1087 2110; x_wconf 83' lang='lat' dir='ltr'>reficiturque</span> 
     </span>
     <span class='ocr_line' id='line_1_23' title="bbox 99 2113 1088 2194; baseline 0 -20"><span class='ocrx_word' id='word_1_185' title='bbox 99 2134 136 2174; x_wconf 88' lang='lat' dir='ltr'>ex</span> <span class='ocrx_word' id='word_1_186' title='bbox 150 2133 219 2174; x_wconf 87' lang='lat' dir='ltr'>sese</span> <span class='ocrx_word' id='word_1_187' title='bbox 232 2123 335 2174; x_wconf 89' lang='lat' dir='ltr'>vetere</span> <span class='ocrx_word' id='word_1_188' title='bbox 352 2113 539 2174; x_wconf 87' lang='lat' dir='ltr'>harundineto</span> <span class='ocrx_word' id='word_1_189' title='bbox 554 2115 723 2191; x_wconf 86' lang='lat' dir='ltr'>exstirpato,</span> <span class='ocrx_word' id='word_1_190' title='bbox 743 2115 819 2193; x_wconf 92' lang='lat' dir='ltr'>quod</span> <span class='ocrx_word' id='word_1_191' title='bbox 834 2116 929 2176; x_wconf 92' lang='lat' dir='ltr'>utilius</span> <span class='ocrx_word' id='word_1_192' title='bbox 943 2126 1088 2194; x_wconf 90' lang='lat' dir='ltr'>repertum</span> 
     </span>
     <span class='ocr_line' id='line_1_24' title="bbox 98 2197 1088 2277; baseline -0.001 -20"><span class='ocrx_word' id='word_1_193' title='bbox 98 2217 181 2276; x_wconf 87' lang='lat' dir='ltr'>quam</span> <span class='ocrx_word' id='word_1_194' title='bbox 197 2207 338 2274; x_wconf 90' lang='lat' dir='ltr'>castrare,</span> <span class='ocrx_word' id='word_1_195' title='bbox 355 2199 428 2258; x_wconf 89' lang='lat' dir='ltr'>sicut</span> <span class='ocrx_word' id='word_1_196' title='bbox 443 2207 535 2258; x_wconf 86' lang='lat' dir='ltr'>antea.</span> <span class='ocrx_word' id='word_1_197' title='bbox 564 2214 686 2273; x_wconf 89' lang='lat' dir='ltr'>namque</span> <span class='ocrx_word' id='word_1_198' title='bbox 701 2199 775 2258; x_wconf 89' lang='lat' dir='ltr'>inter</span> <span class='ocrx_word' id='word_1_199' title='bbox 793 2216 825 2257; x_wconf 89' lang='lat' dir='ltr'>se</span> <span class='ocrx_word' id='word_1_200' title='bbox 840 2197 954 2257; x_wconf 82' lang='lat' dir='ltr'>radices</span> <span class='ocrx_word' id='word_1_201' title='bbox 969 2207 1088 2277; x_wconf 90' lang='lat' dir='ltr'>serpunt</span> 
     </span>
     <span class='ocr_line' id='line_1_25' title="bbox 96 2279 1129 2360; baseline 0.003 -19"><span class='ocrx_word' id='word_1_202' title='bbox 96 2293 252 2360; x_wconf 89' lang='lat' dir='ltr'>mutuoque</span> <span class='ocrx_word' id='word_1_203' title='bbox 268 2281 399 2341; x_wconf 89' lang='lat' dir='ltr'>discursu</span> <span class='ocrx_word' id='word_1_204' title='bbox 422 2292 533 2341; x_wconf 89' lang='lat' dir='ltr'>nentur.</span> <span class='ocrx_word' id='word_1_205' title='bbox 572 2279 697 2357; x_wconf 83' lang='lat' dir='ltr'>Tempus</span> <span class='ocrx_word' id='word_1_206' title='bbox 716 2281 887 2352; x_wconf 89' lang='lat' dir='ltr'>conserendi</span> <span class='ocrx_word' id='word_1_207' title='bbox 903 2281 1067 2358; x_wconf 90' lang='lat' dir='ltr'>priusquam</span> <span class='ocrx_word' id='word_1_208' title='bbox 1080 2291 1129 2344; x_wconf 81' lang='lat'>145</span> 
     </span>
     <span class='ocr_line' id='line_1_26' title="bbox 65 2362 1150 2440; baseline -0.01 -10"><span class='ocrx_word' id='word_1_209' title='bbox 65 2368 173 2432; x_wconf 79' lang='lat' dir='ltr'>aeoeuli</span> <span class='ocrx_word' id='word_1_210' title='bbox 188 2365 376 2426; x_wconf 85' lang='lat' dir='ltr'>harundinum</span> <span class='ocrx_word' id='word_1_211' title='bbox 393 2366 596 2440; x_wconf 87' lang='lat' dir='ltr'>intumescant,</span> <span class='ocrx_word' id='word_1_212' title='bbox 619 2373 685 2424; x_wconf 90' lang='lat' dir='ltr'>ante</span> <span class='ocrx_word' id='word_1_213' title='bbox 706 2362 990 2425; x_wconf 88' lang='lat' dir='ltr'>kalendasllartias.</span> <span class='ocrx_word' id='word_1_214' title='bbox 1024 2380 1086 2421; x_wconf 91' lang='lat' dir='ltr'>ere·</span> <span class='ocrx_word' id='word_1_215' title='bbox 1145 2365 1150 2370; x_wconf 84' lang='lat'><em>&#39;</em></span> 
     </span>
     <span class='ocr_line' id='line_1_27' title="bbox 97 2445 1086 2526; baseline -0.007 -16"><span class='ocrx_word' id='word_1_216' title='bbox 97 2451 151 2510; x_wconf 90' lang='lat' dir='ltr'>scit</span> <span class='ocrx_word' id='word_1_217' title='bbox 164 2450 203 2510; x_wconf 92' lang='lat' dir='ltr'>ad</span> <span class='ocrx_word' id='word_1_218' title='bbox 216 2449 343 2507; x_wconf 91' lang='lat' dir='ltr'>brumam</span> <span class='ocrx_word' id='word_1_219' title='bbox 355 2466 446 2526; x_wconf 91' lang='lat' dir='ltr'>usque</span> <span class='ocrx_word' id='word_1_220' title='bbox 459 2449 631 2525; x_wconf 89' lang='lat' dir='ltr'>desinitque,</span> <span class='ocrx_word' id='word_1_221' title='bbox 647 2466 710 2508; x_wconf 91' lang='lat' dir='ltr'>eum</span> <span class='ocrx_word' id='word_1_222' title='bbox 724 2450 881 2510; x_wconf 88' lang='lat' dir='ltr'>durescere</span> <span class='ocrx_word' id='word_1_223' title='bbox 895 2449 1003 2525; x_wconf 90' lang='lat' dir='ltr'>incipit.</span> <span class='ocrx_word' id='word_1_224' title='bbox 1030 2445 1086 2505; x_wconf 92' lang='lat' dir='ltr'>hoc</span> 
     </span>
     <span class='ocr_line' id='line_1_28' title="bbox 96 2531 1086 2610; baseline -0.006 -18"><span class='ocrx_word' id='word_1_225' title='bbox 96 2537 208 2610; x_wconf 78' lang='lat' dir='ltr'>signum</span> <span class='ocrx_word' id='word_1_226' title='bbox 223 2533 422 2609; x_wconf 89' lang='lat' dir='ltr'>tempestivam</span> <span class='ocrx_word' id='word_1_227' title='bbox 436 2531 522 2590; x_wconf 88' lang='lat' dir='ltr'>habet</span> <span class='ocrx_word' id='word_1_228' title='bbox 534 2549 691 2592; x_wconf 88' lang='lat' dir='ltr'>caesuram.</span> <span class='ocrx_word' id='word_1_229' title='bbox 712 2533 831 2593; x_wconf 63' lang='lat' dir='ltr'>,et-haue</span> <span class='ocrx_word' id='word_1_230' title='bbox 846 2540 939 2592; x_wconf 91' lang='lat' dir='ltr'>autem</span> <span class='ocrx_word' id='word_1_231' title='bbox 954 2531 1086 2610; x_wconf 90' lang='lat' dir='ltr'>quotiens</span> 
     </span>
     <span class='ocr_line' id='line_1_29' title="bbox 96 2614 1129 2692; baseline 0.001 -17"><span class='ocrx_word' id='word_1_232' title='bbox 96 2627 126 2675; x_wconf 92' lang='lat' dir='ltr'>et</span> <span class='ocrx_word' id='word_1_233' title='bbox 138 2618 254 2675; x_wconf 87' lang='lat' dir='ltr'>vineam</span> <span class='ocrx_word' id='word_1_234' title='bbox 269 2614 431 2674; x_wconf 80' lang='lat' dir='ltr'>fodiendam</span> <span class='ocrx_word' id='word_1_235' title='bbox 451 2623 560 2692; x_wconf 89' lang='lat' dir='ltr'>putant.</span> <span class='ocrx_word' id='word_1_236' title='bbox 593 2617 698 2674; x_wconf 89' lang='lat' dir='ltr'>seritur</span> <span class='ocrx_word' id='word_1_237' title='bbox 717 2625 745 2676; x_wconf 90' lang='lat' dir='ltr'>et</span> <span class='ocrx_word' id='word_1_238' title='bbox 763 2625 908 2690; x_wconf 88' lang='lat' dir='ltr'>traversa,</span> <span class='ocrx_word' id='word_1_239' title='bbox 930 2632 987 2674; x_wconf 91' lang='lat' dir='ltr'>non</span> <span class='ocrx_word' id='word_1_240' title='bbox 1007 2615 1065 2673; x_wconf 86' lang='lat' dir='ltr'>alte¹</span> <span class='ocrx_word' id='word_1_241' title='bbox 1080 2621 1129 2676; x_wconf 82' lang='grc'>116</span> 
     </span>
     <span class='ocr_line' id='line_1_30' title="bbox 96 2697 1083 2776; baseline -0.004 -17"><span class='ocrx_word' id='word_1_242' title='bbox 96 2710 175 2760; x_wconf 90' lang='lat' dir='ltr'>terra</span> <span class='ocrx_word' id='word_1_243' title='bbox 191 2697 316 2772; x_wconf 85' lang='lat' dir='ltr'>condita,</span> <span class='ocrx_word' id='word_1_244' title='bbox 333 2706 568 2776; x_wconf 89' lang='lat' dir='ltr'>erumpuntquee</span> <span class='ocrx_word' id='word_1_245' title='bbox 585 2697 703 2774; x_wconf 81' lang='lat' dir='ltr'>singulis</span> <span class='ocrx_word' id='word_1_246' title='bbox 720 2700 812 2758; x_wconf 87' lang='lat' dir='ltr'>oculis</span> <span class='ocrx_word' id='word_1_247' title='bbox 825 2699 943 2760; x_wconf 90' lang='lat' dir='ltr'>totidem</span> <span class='ocrx_word' id='word_1_248' title='bbox 959 2699 1083 2776; x_wconf 90' lang='lat' dir='ltr'>plantae.</span> 
     </span>
     <span class='ocr_line' id='line_1_31' title="bbox 15 2767 1086 2858; baseline -0.005 -15"><span class='ocrx_word' id='word_1_249' title='bbox 15 2767 16 2790; x_wconf 53' lang='lat'>¹</span> <span class='ocrx_word' id='word_1_250' title='bbox 63 2785 203 2852; x_wconf 64' lang='lat' dir='ltr'>eaerum</span> <span class='ocrx_word' id='word_1_251' title='bbox 219 2791 248 2840; x_wconf 92' lang='lat' dir='ltr'>et</span> <span class='ocrx_word' id='word_1_252' title='bbox 268 2781 430 2858; x_wconf 84' lang='lat' dir='ltr'>deplantata</span> <span class='ocrx_word' id='word_1_253' title='bbox 450 2778 547 2857; x_wconf 89' lang='lat' dir='ltr'>pedali</span> <span class='ocrx_word' id='word_1_254' title='bbox 562 2781 661 2856; x_wconf 86' lang='lat' dir='ltr'>sulco,</span> <span class='ocrx_word' id='word_1_255' title='bbox 682 2780 755 2838; x_wconf 87' lang='lat' dir='ltr'>binis</span> <span class='ocrx_word' id='word_1_256' title='bbox 768 2781 881 2840; x_wconf 88' lang='lat' dir='ltr'>obrutis</span> <span class='ocrx_word' id='word_1_257' title='bbox 897 2783 1032 2857; x_wconf 88' lang='lat' dir='ltr'>gemmis,</span> <span class='ocrx_word' id='word_1_258' title='bbox 1056 2789 1086 2838; x_wconf 91' lang='lat' dir='ltr'>ut</span> 
     </span>
     <span class='ocr_line' id='line_1_32' title="bbox 97 2863 1153 2940; baseline -0.006 -14"><span class='ocrx_word' id='word_1_259' title='bbox 97 2868 198 2926; x_wconf 88' lang='lat' dir='ltr'>tertius</span> <span class='ocrx_word' id='word_1_260' title='bbox 215 2865 307 2924; x_wconf 91' lang='lat' dir='ltr'>nodus</span> <span class='ocrx_word' id='word_1_261' title='bbox 324 2874 429 2924; x_wconf 89' lang='lat' dir='ltr'>terram</span> <span class='ocrx_word' id='word_1_262' title='bbox 445 2863 573 2938; x_wconf 84' lang='lat' dir='ltr'>attingat,</span> <span class='ocrx_word' id='word_1_263' title='bbox 589 2879 681 2940; x_wconf 89' lang='lat' dir='ltr'>prono</span> <span class='ocrx_word' id='word_1_264' title='bbox 698 2865 855 2937; x_wconf 86' lang='lat' dir='ltr'>cacumine,</span> <span class='ocrx_word' id='word_1_265' title='bbox 867 2881 903 2922; x_wconf 90' lang='lat' dir='ltr'>ne</span> <span class='ocrx_word' id='word_1_266' title='bbox 916 2881 1000 2923; x_wconf 87' lang='lat' dir='ltr'>rores</span> <span class='ocrx_word' id='word_1_267' title='bbox 1016 2879 1153 2934; x_wconf 53' lang='lat' dir='ltr'>con-1</span> 
     </span>
     <span class='ocr_line' id='line_1_33' title="bbox 15 2939 1083 3044; baseline -0.006 -34"><span class='ocrx_word' id='word_1_268' title='bbox 15 2939 16 2964; x_wconf 74' lang='lat'>³</span> <span class='ocrx_word' id='word_1_269' title='bbox 98 2949 194 3028; x_wconf 84' lang='lat' dir='ltr'>cipiet.</span> <span class='ocrx_word' id='word_1_270' title='bbox 225 2948 355 3007; x_wconf 84' lang='lat' dir='ltr'>caeditur</span> <span class='ocrx_word' id='word_1_271' title='bbox 379 2947 569 3006; x_wconf 88' lang='lat' dir='ltr'>decrescente</span> <span class='ocrx_word' id='word_1_272' title='bbox 588 2946 662 3032; x_wconf 81' lang='lat' dir='ltr'>luna.</span> <span class='ocrx_word' id='word_1_273' title='bbox 694 2945 882 3006; x_wconf 89' lang='lat' dir='ltr'>Vineisanno</span> <span class='ocrx_word' id='word_1_274' title='bbox 903 2948 1011 3044; x_wconf 71' lang='lat' dir='ltr'>siccata</span> <span class='ocrx_word' id='word_1_275' title='bbox 1032 2947 1083 3004; x_wconf 92' lang='lat' dir='ltr'>nti-</span> 
     </span>
     <span class='ocr_line' id='line_1_34' title="bbox 96 3025 1173 3109; baseline -0.003 -16"><span class='ocrx_word' id='word_1_276' title='bbox 96 3033 153 3093; x_wconf 89' lang='lat' dir='ltr'>lior</span> <span class='ocrx_word' id='word_1_277' title='bbox 168 3050 251 3109; x_wconf 92' lang='lat' dir='ltr'>quam</span> <span class='ocrx_word' id='word_1_278' title='bbox 265 3031 375 3090; x_wconf 88' lang='lat' dir='ltr'>viridis</span> <span class='ocrx_word' id='word_1_279' title='bbox 1171 3025 1173 3032; x_wconf 82' lang='grc'><strong>’</strong></span> 
     </span>
     <span class='ocr_line' id='line_1_35' title="bbox 159 3110 1125 3204; baseline -0.001 -28"><span class='ocrx_word' id='word_1_280' title='bbox 159 3116 242 3204; x_wconf 90' lang='grc'><strong>(34.)</strong></span> <span class='ocrx_word' id='word_1_281' title='bbox 267 3113 407 3174; x_wconf 81' lang='lat' dir='ltr'>Castanea</span> <span class='ocrx_word' id='word_1_282' title='bbox 423 3113 599 3190; x_wconf 89' lang='lat' dir='ltr'>pedamentis</span> <span class='ocrx_word' id='word_1_283' title='bbox 612 3111 742 3172; x_wconf 90' lang='lat' dir='ltr'>omnibus</span> <span class='ocrx_word' id='word_1_284' title='bbox 757 3113 920 3189; x_wconf 82' lang='lat' dir='ltr'>praefertur</span> <span class='ocrx_word' id='word_1_285' title='bbox 928 3110 1066 3170; x_wconf 84' lang='lat' dir='ltr'>iaerlrtate</span> <span class='ocrx_word' id='word_1_286' title='bbox 1075 3120 1125 3175; x_wconf 86' lang='grc'>147</span> 
     </span>
     <span class='ocr_line' id='line_1_36' title="bbox 63 3195 1083 3277; baseline -0.008 -15"><span class='ocrx_word' id='word_1_287' title='bbox 63 3195 253 3277; x_wconf 72' lang='lat' dir='ltr'>attractatus,</span> <span class='ocrx_word' id='word_1_288' title='bbox 275 3197 449 3275; x_wconf 87' lang='lat' dir='ltr'>perdurandi</span> <span class='ocrx_word' id='word_1_289' title='bbox 461 3195 641 3273; x_wconf 83' lang='lat' dir='ltr'>pervicacia,</span> <span class='ocrx_word' id='word_1_290' title='bbox 658 3196 897 3271; x_wconf 85' lang='lat' dir='ltr'>regerminatione</span> <span class='ocrx_word' id='word_1_291' title='bbox 913 3195 1022 3254; x_wconf 88' lang='lat' dir='ltr'>caedua</span> <span class='ocrx_word' id='word_1_292' title='bbox 1035 3195 1083 3254; x_wconf 86' lang='lat' dir='ltr'>vel</span> 
     </span>
     <span class='ocr_line' id='line_1_37' title="bbox 95 3277 1081 3358; baseline -0.004 -16"><span class='ocrx_word' id='word_1_293' title='bbox 95 3282 188 3342; x_wconf 86' lang='lat' dir='ltr'>salice</span> <span class='ocrx_word' id='word_1_294' title='bbox 208 3282 322 3340; x_wconf 84' lang='lat' dir='ltr'>laetior.</span> <span class='ocrx_word' id='word_1_295' title='bbox 355 3279 467 3358; x_wconf 88' lang='lat' dir='ltr'>quaerit</span> <span class='ocrx_word' id='word_1_296' title='bbox 481 3279 573 3338; x_wconf 88' lang='lat' dir='ltr'>solum</span> <span class='ocrx_word' id='word_1_297' title='bbox 593 3279 695 3352; x_wconf 86' lang='lat' dir='ltr'>iacile,</span> <span class='ocrx_word' id='word_1_298' title='bbox 713 3297 767 3338; x_wconf 88' lang='lat' dir='ltr'>nee</span> <span class='ocrx_word' id='word_1_299' title='bbox 788 3287 881 3338; x_wconf 89' lang='lat' dir='ltr'>tamen</span> <span class='ocrx_word' id='word_1_300' title='bbox 900 3277 1081 3353; x_wconf 84' lang='lat' dir='ltr'>harenosum,</span> 
     </span>
     <span class='ocr_line' id='line_1_38' title="bbox 95 3361 1082 3442; baseline -0.004 -16"><span class='ocrx_word' id='word_1_301' title='bbox 95 3382 287 3442; x_wconf 83' lang='lat' dir='ltr'>maxumeque</span> <span class='ocrx_word' id='word_1_302' title='bbox 302 3362 432 3422; x_wconf 89' lang='lat' dir='ltr'>sabulum</span> <span class='ocrx_word' id='word_1_303' title='bbox 447 3363 568 3421; x_wconf 90' lang='lat' dir='ltr'>umidum</span> <span class='ocrx_word' id='word_1_304' title='bbox 584 3370 630 3422; x_wconf 90' lang='lat' dir='ltr'>aut</span> <span class='ocrx_word' id='word_1_305' title='bbox 642 3361 842 3420; x_wconf 88' lang='lat' dir='ltr'>carbunculum</span> <span class='ocrx_word' id='word_1_306' title='bbox 861 3361 909 3421; x_wconf 87' lang='lat' dir='ltr'>vel</span> <span class='ocrx_word' id='word_1_307' title='bbox 931 3361 980 3420; x_wconf 88' lang='lat' dir='ltr'>toli</span> <span class='ocrx_word' id='word_1_308' title='bbox 1000 3365 1082 3422; x_wconf 90' lang='lat' dir='ltr'>etiam</span> 
     </span>
     <span class='ocr_line' id='line_1_39' title="bbox 96 3444 1081 3526; baseline -0.004 -18"><span class='ocrx_word' id='word_1_309' title='bbox 96 3445 413 3524; x_wconf 66' lang='lat' dir='ltr'>farinam„quanulibet</span> <span class='ocrx_word' id='word_1_310' title='bbox 434 3461 528 3523; x_wconf 89' lang='lat' dir='ltr'>opaco</span> <span class='ocrx_word' id='word_1_311' title='bbox 553 3444 828 3526; x_wconf 76' lang='lat' dir='ltr'>septentrionalique</span> <span class='ocrx_word' id='word_1_312' title='bbox 852 3453 881 3504; x_wconf 90' lang='lat' dir='ltr'>et</span> <span class='ocrx_word' id='word_1_313' title='bbox 906 3445 1081 3524; x_wconf 81' lang='lat' dir='ltr'>praefrigido</span> 
     </span>
    </p>
   </div>
   <div class='ocr_carea' id='block_1_3' title="bbox 0 0 1272 3866">
    <p class='ocr_par' dir='ltr' id='par_1_3' title="bbox 0 0 1272 3866">
     <span class='ocr_line' id='line_1_40' title="bbox 0 0 1272 3866; baseline 0 2"><span class='ocrx_word' id='word_1_314' title='bbox 0 0 1272 3866; x_wconf 95' lang='lat' dir='ltr'> </span> 
     </span>
    </p>
   </div>
  </div>
 </body>
</html>
