2552 3866
315 198 395 258 pau.
411 197 501 245 nisu.
517 197 630 244 xvnn.
645 195 730 248 5-6.
748 184 899 265 (δυ-’00)
1050 187 1108 248 173

114 353 223 414 caulem
242 355 355 412 mittunt
371 361 401 410 et
416 369 525 427 semen,
543 353 684 429 ipsaeque
700 361 885 411 evanescunt.
930 351 982 413 llst
996 363 1025 413 et
1043 367 1151 420 00104

111 437 203 498 lorum
216 437 388 519 differentia,
409 437 437 495 in
448 436 512 496 lsso
527 437 602 495 enim
616 442 645 493 et
658 433 796 494 Sardibus
810 433 1026 498 candidissimae
1040 456 1107 517 pro·

112 524 238 580 veniunt.
270 529 334 579 sunt
356 521 384 578 in
405 520 516 579 honore
538 529 566 578 et
582 517 734 594 Creticae,
758 519 795 578 de
811 518 914 596 quibus
930 519 1056 581 dubitant
1072 541 1108 583 an

113 606 233 664 eaedem
258 605 408 682 sint'quae
423 602 614 678 Ascaloniae,
636 603 770 679 quoniam
791 604 861 663 satis
882 605 976 682 capita
995 622 1107 666 crasse·

90 696 207 763 escunt,
223 687 363 766 depositis
380 687 470 746 caulis
485 697 513 746 et
528 683 635 746 semen.
658 685 764 746 distant
780 688 886 765 sapore
900 696 1007 747 tanturn
1022 689 1107 750 dulci.

111 771 198 850 Apud
217 789 271 830 nos
292 772 347 831 duo
370 773 461 850 prima
481 789 603 848 genera:
626 783 711 829 unum
729 769 987 847 condimentariae,
1006 785 1150 849 quam105

110 856 153 915 illi
169 855 307 932 getbyon,
322 856 413 914 nostri
428 851 607 933 pallacanam
622 862 743 929 vocant,
753 855 859 915 seritur
874 854 1020 916 mensibus
1033 855 1106 916 Mar·

110 941 167 1014 tio,
189 939 299 1017 Aprili,
316 937 403 1014 Maio,
421 939 546 998 alterum*
557 938 701 1016 capitatae
716 954 791 1016 quae
808 937 1043 1017 abaequinoctio
1060 957 1107 999 au-

110 1024 198 1084 tumni
211 1023 260 1081 vel
271 1041 287 1082 a
299 1022 425 1083 favonio.
445 1039 554 1098 genera
566 1024 628 1081 eius
642 1022 817 1081 austeritatis
829 1023 945 1082 ordine:
960 1022 1108 1099 Africana,

17 1121 18 1126 ’
77 1105 240 1182 noGallica,
264 1107 444 1183 Tusculana,
468 1106 641 1181 Ascalonia,
662 1104 853 1182 Amiternina,
881 1115 997 1184 optuma
1015 1117 1109 1166 autem

38 1181 45 1196 “
110 1207 184 1268 qnae
210 1191 429 1250 rotundissima
455 1190 523 1249 item
547 1189 618 1249 ruia-
636 1189 731 1248 acrior
755 1207 838 1268 quarn
867 1189 1001 1266 candida,
1030 1193 1109 1272 sicca

110 1291 192 1352 quarn
208 1274 320 1350 viridis,
337 1283 367 1333 et
380 1273 468 1334 cruda
485 1291 568 1350 quarn
583 1282 678 1350 cocta,
693 1270 869 1351 sioca‘quam
879 1273 1003 1334 condita.
1035 1276 1087 1336 Se·
1100 1284 1150 1338 106

17 1367 18 1428 j
108 1359 179 1417 ritur
194 1357 371 1418 Amiternina
387 1358 500 1435 frigidis
516 1367 545 1417 et
560 1356 662 1416 umidis
678 1356 762 1433 locis,
779 1367 809 1416 et
823 1357 886 1417 sola
901 1357 939 1417 ali
956 1359 1041 1420 modo
1061 1377 1124 1441 ca,
1158 1415 1162 1434 ,
1221 1373 1225 1380 ·

17 1495 18 1500 ,
108 1443 184 1519 pite,
208 1442 340 1521 reliquae
361 1443 481 1502 semine.
511 1457 651 1520 proxuma
668 1457 742 1518 qnae
759 1449 870 1502 aestate
885 1441 990 1502 nullum
1007 1460 1106 1501 semen

75 1526 255 1601 pemittant,
280 1527 333 1585 sed
355 1535 440 1604 caput
460 1534 568 1584 tantum
591 1523 667 1602 quod
688 1526 834 1586 inarescit.
866 1527 999 1603 sequenti
1015 1533 1108 1586 autent

109 1625 183 1668 anno
199 1618 361 1688 permutata
376 1611 489 1668 ratione
505 1626 604 1668 semen
620 1607 756 1684 gignitur,
774 1617 860 1689 caput
874 1610 968 1686 ipsum
982 1625 1106 1668 corrum—
1177 1617 1180 1626 '

108 1694 196 1772 pitur.
227 1708 298 1768 ergo
321 1691 451 1751 omnibus
471 1693 551 1751 annis
566 1692 721 1770 separatim
736 1709 835 1750 semen
852 1708 943 1769 cepae
960 1709 1045 1752 cansa
1062 1711 1107 1752 se·

108 1777 198 1852 nitur,
221 1777 377 1854 separatim
400 1791 493 1853 cepae
512 1777 638 1835 seminis.
663 1784 815 1835 servantur
836 1783 930 1836 autem
949 1769 1065 1852 optunie
1080 1776 1108 1835 in

109 1860 214 1938 paleis.
248 1858 384 1936 gethyum
399 1875 494 1940 paene
509 1861 570 1920 sine
586 1860 681 1937 capite
695 1868 754 1938 est,
771 1859 894 1918 cervicis
908 1863 1013 1918 tantum
1027 1859 1148 1924 lon-107

75 1967 101 2008 ao
110 1961 165 2021 gae
181 1953 210 2003 et
224 1944 292 2003 ideo
307 1952 396 2002 totum
410 1943 438 2000 in
452 1943 566 2018 fronde,
584 1942 758 2021 saepiusque
770 1952 921 2003 resecatur
936 1953 966 2002 ut
980 1959 1106 2020 porrum.

108 2029 175 2087 ideo
200 2037 231 2086 et
252 2026 323 2086 illud
343 2036 456 2103 serunt,
482 2042 540 2085 non
560 2026 715 2104 deponunt.
744 2035 949 2105 cetero-cepas
964 2035 1009 2086 ter
1023 2027 1105 2086 fosso

108 2113 167 2171 seri
190 2110 290 2170 iubent
314 2111 481 2189 exstirpatis
505 2108 649 2170 radicibus
665 2109 833 2185 herbarum,
857 2111 885 2169 in
901 2112 1001 2186 iugera
1018 2109 1105 2170 denas

108 2195 210 2272 libras,
226 2195 419 2254 intermisceri
431 2194 594 2269 satureiam,
604 2195 743 2272 'quoniam
753 2193 854 2252 melius
864 2195 1026 2272 proveniat,
1041 2213 1105 2254 run·
1168 2249 1170 2260 ,

109 2281 169 2339 cari
185 2286 343 2358 praeterea
360 2287 389 2336 et
402 2277 496 2353 sariri,
513 2279 538 2337 si
552 2293 609 2336 non
623 2278 751 2354 saepius,
768 2283 879 2354 quater.
923 2275 1106 2336 Ascaloniam

74 2381 209 2432 simensc
226 2361 387 2422 Februario
410 2371 508 2420 serunt
529 2361 629 2421 nostri.
660 2377 759 2420 semen
781 2377 916 2439 ceparum
937 2361 1106 2436 nigrescere

62 2497 71 2516 ,
110 2447 252 2524 incipiens
269 2455 422 2523 antequam
438 2453 619 2506 marcescant
633 2453 751 2504 metunt.
1159 2481 1162 2488 ·

173 2529 257 2608 (33.)
288 2532 329 2589 Et
354 2529 391 2590 de
413 2544 502 2608 porro
522 2531 551 2588 in
571 2529 627 2590 hac
651 2528 824 2604 cognatione
845 2527 901 2588 dici
917 2528 1086 2601 ·conveniat,
1099 2537 1150 2591 108
1176 2562 1179 2568 ·

111 2615 285 2691 praesertim
307 2629 369 2674 curn
391 2613 503 2672 sectivo
524 2613 724 2672 auctoritatem
739 2629 832 2690 nuper
849 2611 954 2670 lecerit
970 2613 1108 2690 princeps

111 2695 191 2755 Nero
214 2697 296 2755 uocis
316 2697 407 2773 gratia
430 2714 467 2755 ex
488 2695 556 2754 oleo
575 2697 655 2755 statis
672 2713 800 2753 mensum
815 2697 937 2753 omniurn
951 2695 1052 2754 diebus
1067 2696 1107 2752 ni·

17 2823 19 2832 ,
77 2789 103 2831 ³⁰
112 2779 210 2857 hiique
238 2779 315 2839 alind
338 2798 373 2840 ac
393 2798 430 2839 ne
452 2796 526 2857 pane
549 2779 663 2856 quidem
684 2777 843 2837 vescendo.
873 2779 978 2837 seritur
1000 2777 1108 2836 semine

113 2863 148 2924 ab
171 2851 357 2940 aequinoctio
374 2873 522 2938 autumno,
546 2863 570 2920 si
587 2863 728 2921 sectivotn
743 2860 843 2920 iacere
859 2859 956 2935 libuit,
981 2860 1106 2919 densius.

113 2948 141 3005 in
161 2946 262 3006 eadem
281 2964 349 3007 area
361 2956 492 3024 secatur,
513 2946 608 3006 donec
626 2945 757 3019 deiiciat,
779 2953 1013 3020 stercoraturque
1033 2959 1106 3002 sem·

113 3046 178 3106 per.
209 3032 234 3088 si
248 3031 368 3090 nutritur
383 3031 411 3088 in
425 3033 536 3109 capita,
558 3037 709 3106 antequam
723 3037 857 3103 secetur,
875 3046 937 3088 curn
952 3026 1148 3099 increvit,109
1258 3105 1259 3114 ἵ

114 3114 143 3170 in
163 3110 253 3172 aliam*
269 3133 365 3174 aream
388 3115 559 3174 transfertur
576 3113 690 3173 summis
707 3113 785 3172 foliis
804 3111 908 3171 leviter
923 3111 1026 3170 recisis
1041 3116 1106 3168 ante

80 3195 268 3256 emedullam
292 3206 321 3257 et
342 3196 482 3276 capitibus
502 3198 635 3258 remactis
655 3197 796 3256 tunicisve
811 3195 958 3255 extremis.
1000 3193 1106 3268 antiqui

114 3279 197 3338 silice
211 3279 260 3338 vel
276 3289 349 3342 testa
364 3281 494 3341 subiecta
509 3279 603 3360 capita
623 3279 833 3340 dilatabant-
850 3279 906 3340 hoc
920 3280 988 3338 item
1001 3279 1030 3336 in
1044 3275 1105 3338 bul-

115 3361 159 3421 bis
172 3393 225 3439 -,
243 3365 318 3424 nuric
334 3366 448 3425 sarculo
465 3361 569 3424 leviter
584 3364 783 3425 convelluntur
797 3362 926 3439 radices,
950 3371 980 3421 ut
997 3361 1104 3421 delum·

116 3443 200 3509 batae
209 3446 560 3527 alantnequedistrahant.
577 3449 689 3526 insigne
698 3446 786 3527 quod,
800 3446 935 3508 cnmfimo
948 3447 1083 3522 laetoque
1095 3452 1146 3505 llo
