2538 3864
358 243 437 291 5555.
453 241 543 290 rursu.
559 241 644 288 555.
659 239 702 292 55.
721 228 874 338 (71-55.)
1062 227 1124 290 295
1155 233 1163 256 ’

42 425 52 434 ·
125 399 295 476 vomitiones
313 405 432 483 movet,
453 397 548 458 alvom
569 395 680 470 turbat,
701 374 786 473 capiti
807 404 836 454 et
857 394 1005 456 stomacho
1020 413 1123 457 onero-

125 502 196 543 snm.
228 468 322 558 genua
337 498 453 561 qnoque
468 481 617 579 degravat.
647 477 698 539 5551
713 479 904 538 madefactum
919 479 1049 557 pluribus
1065 481 1123 541 die·

125 567 178 626 bus
197 567 337 642 mitescit,
356 565 450 626 bubus
471 564 662 642 iumentisque
685 563 874 622 utilissimum.
915 562 1039 640 siliquae
1063 564 1124 622 eins

125 651 231 712 virides
251 651 331 728 prius
351 665 435 728 quarn
455 648 640 709 indurescant
660 665 723 707 cum
738 665 791 708 suo
808 647 890 707 caule
903 646 1041 726 foliisque
1057 664 1124 708 con·

99 735 207 795 5551555
223 732 346 811 capillos
361 734 444 810 nigro
462 731 563 793 colore
578 731 714 792 15151555.
912 780 914 784 .
1017 769 1019 776 ·

185 817 269 898 (74.)
289 815 389 896 Lupini
412 832 527 895 quoque
548 816 699 876 silvestres
717 824 797 892 sunt,
818 816 894 875 omni
915 815 1001 881 modo
1016 815 1171 878 mino-154

123 906 171 962 des
186 909 388 980 praeterquam
402 899 596 961 amaritudine.
624 917 661 959 ex
677 898 806 960 omnious
818 917 893 978 qnae
907 899 1029 960 eduntur
1042 899 1124 958 sicco

120 985 192 1046 55111
205 986 296 1045 minus
312 985 449 1063 ponderis
465 993 511 1044 est
526 1001 582 1044 nec
597 984 663 1062 plus
679 983 818 1043 utilitatis.
856 983 1009 1044 mitescunt
1025 983 1124 1043 cinere

123 1077 170 1130 aut
187 1086 261 1147 aqua
275 1067 385 1129 calidis.
425 1067 554 1128 colorem
573 1067 695 1127 hominis
714 1065 929 1146 frequentiores
945 1068 975 1127 in
992 1065 1057 1126 cibo
1074 1086 1124 1127 ex·

88 1153 260 1227 rohilarant,
281 1153 369 1212 amari
391 1159 491 1213 contra
512 1151 627 1230 aspidas
646 1151 754 1210 valent.
786 1150 887 1211 515555
906 1159 968 1211 5555
988 1149 1059 1210 aridi
1075 1147 1135 1211 de-'
1172 1206 1175 1213 .

123 1237 311 1314 corticathue
321 1237 380 1295 triti
395 1236 547 1315 supposito
562 1235 682 1294 linteolo
699 1232 734 1294 ad
749 1234 845 1295 vivom
861 1250 968 1313 corpus
980 1235 1123 1312 redigunt.

122 1330 261 1398 strumas,
281 1320 428 1399 parotidas
443 1321 471 1378 in
488 1327 572 1380 55555
588 1320 663 1379 55551
681 1318 842 1392 discutiunt.
868 1334 954 1378 sucus
967 1318 1104 1380 decocto·
1117 1329 1172 1383 155-

4 1477 5 1486 ,
79 1419 83 1424 ’
121 1423 182 1465 rum
202 1422 266 1466 curn
288 1411 351 1464 ruta
364 1411 400 1464 ¹et
418 1405 522 1482 pipere
538 1402 586 1462 551
603 1404 630 1462 15
648 1403 723 1462 febri
746 1402 827 1462 datur
843 1401 884 1462 ad
893 1403 1001 1462 ventris
1018 1404 1123 1464 anima·
1218 1442 1220 1455 .

6 1487 11 1502 ⁴
122 1487 160 1548 lia
181 1487 317 1566 pellenda
335 1487 492 1549 minoribns
513 1487 629 1564 triginta
650 1503 802 1564 annorum,
826 1487 924 1565 pueris
946 1503 1018 1548 vero
1039 1488 1125 1548 etiam

4 1595 6 1622 ι
88 1589 113 1630 15
123 1572 238 1648 mposutr
259 1573 288 1630 in
307 1581 436 1631 ventrem
457 1571 560 1630 ieiunis
575 1579 711 1649 prosunt,
733 1578 763 1628 et
782 1570 840 1629 alio
856 1587 980 1648 genere
989 1573 1058 1635 tosti
1075 1571 1124 1631 vel

122 1656 151 1714 15
168 1652 281 1712 51515555
302 1655 379 1730 poti,
403 1653 454 1712 vel
475 1670 512 1712 ex
530 1653 618 1712 melle
635 1654 748 1732 sumpti
785 1653 871 1714 iidem
888 1654 1055 1717 aviditatem
1067 1655 1129 1715 cibi

122 1738 247 1812 iaciunt,
262 1735 405 1795 fastidium
421 1735 578 1797 detrahunt.
614 1737 706 1798 farina
720 1749 821 1798 eorum
837 1746 920 1798 aceto
933 1729 1056 1799 danaen
1073 1757 1123 1819 pa·

124 1822 206 1903 pulas
226 1819 410 1898 pruritusque
433 1821 461 1878 15
481 1820 604 1881 balineis
624 1820 704 1881 inlita
726 1821 842 1881 cohibet
857 1831 887 1881 ct
902 1838 957 1900 per
976 1840 1009 1883 se
1031 1824 1123 1883 siccat

123 1906 232 1966 ulcera.
261 1903 371 1964 livores
387 1903 535 1979 emendat,
550 1905 794 1966 inflammationes
817 1922 881 1965 cum
895 1906 1014 1985 polenta
1029 1907 1121 1968 sedat.

89 2007 114 2048 no
126 1988 305 2050 silvestrium
329 1988 479 2049 ellicacior
497 1989 541 2047 vis
563 1997 662 2049 555555
683 1990 871 2050 coxendicum
891 1999 921 2050 et
942 1990 1103 2051 lumborum
1114 2001 1166 2056 156

123 2072 309 2135 debilitatem.
348 2089 386 2131 ex
409 2071 509 2132 iisdem
530 2070 652 2132 decocta
680 2072 834 2150 lentigines
856 2083 1001 2134 stentem
1021 2075 1122 2135 loven-

18 2187 20 2192 ·
105 2158 191 2217 51555
208 2155 371 2232 corrigunt,
392 2156 504 2215 sivero
524 2155 560 2214 ad
573 2155 667 2224 mellis
682 2157 899 2217 crassitudinem
914 2157 1121 2237 decoquantur,

122 2240 170 2299 vel
186 2240 268 2299 sativi
286 2239 442 2316 vitiligines
458 2240 556 2316 nigras
571 2247 600 2298 et
614 2239 724 2316 lepras.
757 2241 840 2300 sativi
858 2257 974 2320 quoqne
991 2252 1122 2322 rumpunt

124 2323 316 2385 carbunculos
337 2323 466 2401 inpositi,
488 2339 595 2401 panos,
617 2331 738 2383 strumas
759 2325 885 2384 minuunt
905 2333 954 2384 ant
972 2334 1122 2404 maturant,

89 2428 115 2467 55
126 2408 201 2466 55551
226 2425 263 2468 ex
286 2416 371 2468 aceto
396 2407 578 2467 cicatricibus
602 2405 750 2466 candidum
777 2408 906 2467 colorem
928 2407 1066 2486 reddunt,
1097 2412 1125 2470 si

123 2505 194 2549 vero
217 2490 425 2569 caelestiaque
444 2490 664 2570 discoquantur,
690 2507 775 2550 sucus
796 2490 847 2551 ille
871 2509 1000 2569 zmegma
1015 2491 1046 2551 lit
1065 2509 1120 2570 quo

123 2574 225 2633 lovere
250 2591 446 2653 gangraenas,
473 2575 639 2652 eruptiones
666 2573 801 2652 pituitae,
829 2575 957 2635 ulcerum
981 2579 1121 2637 manantia

124 2655 275 2755 expediat,
292 2656 327 2716 ad
342 2657 447 2718 1155555
458 2657 577 2733 brbere
594 2666 623 2717 et
639 2675 701 2717 cunr
716 2657 804 2718 melle
820 2657 1006 2719 haerentibus
1022 2678 1100 2720 men·
1113 2670 1166 2726 157

124 2730 322 2801 5551511551
346 2742 425 2801 crudi
448 2758 510 2801 cunr
531 2741 587 2802 lico
608 2741 685 2800 sicca
708 2743 766 2800 triti
786 2750 921 2802 anaceto
937 2745 1119 2821 inponuntur.

23 2817 26 2824 ¹
90 2848 114 2888 aa
124 2825 204 2884 radix
220 2840 335 2902 qnoque
348 2823 376 2883 in
393 2843 466 2904 aqua
482 2825 603 2885 decocta
621 2825 717 2885 551555
732 2824 825 2903 pellit.
853 2825 1002 2886 medentur
1018 2831 1121 2905 pecori

125 2926 188 2968 cum
202 2906 408 2967 chamaeleone
425 2908 514 2969 herba
530 2907 660 2983 decocti,
683 2926 757 3008 5555
775 2909 803 2967 15
822 2918 920 2987 potum
939 2908 1120 2974 55155555-

124 3001 190 3051 nant
211 2998 241 3050 et
260 2990 387 3051 scabiem
408 2990 614 3071 quadripedum
629 2993 750 3051 omnium
764 2994 792 3052 15
809 3010 925 3053 amurca
943 2992 1058 3053 51555551
1072 2997 1121 3056 551

124 3085 246 3153 utroque
262 3075 385 3154 1155555
408 3085 510 3154 postea
532 3076 631 3135 mixto
677 3074 770 3136 lamus
798 3086 989 3170 crematorum
1010 3078 1120 3142 5511555

124 3166 219 3218 necat.

91 3265 115 3306 55
188 3243 253 3320 (15.
257 3241 271 3319 )
294 3241 438 3302 irionem
430 3249 504 3301 mter
514 3242 614 3320 lrnges
627 3244 751 3302 sesimae
767 3243 888 3303 similem
899 3261 966 3303 esse
978 3244 1099 3305 diximus
1111 3256 1168 3310 555

126 3335 154 3386 55
173 3344 189 3386 5
206 3323 324 3385 Graecis
348 3327 492 3400 erysimon
512 3327 627 3404 555551,
649 3325 722 3386 (15111
742 3325 836 3386 velam
856 3327 1013 3406 appellant.
1041 3329 1166 3388 5551111

125 3419 219 3471 autem
240 3409 423 3484 fruticosum,
450 3409 528 3469 loliis
548 3427 671 3486 crucae,
700 3409 911 3486 angustioribus
936 3411 1040 3490 paulo,
1073 3431 1118 3473 se·

125 3498 199 3556 mine
214 3495 351 3569 nasturti,
366 3493 543 3554 utilissimum
558 3491 742 3554 tussientibus
758 3510 821 3553 eum
835 3491 921 3554 melle
938 3504 967 3554 et
981 3496 1118 3557 15515555-
