2538 3864
376 63 479 128 Ι·Ι

342 145 479 164 ,,.

685 134 690 162 ι

318 209 400 256 unc.
418 208 508 258 urso.
525 209 598 256 xxr.
615 206 734 262 ιιι-ιι.
754 197 907 275 (co-65.)
1051 200 1110 264 251
1137 226 1141 236 ·

116 365 199 426 caule
213 364 314 427 foliata
327 345 363 423 Ι10
378 361 492 424 modum
514 379 651 424 coronae.
682 363 812 442 sequitur
823 374 903 424 arata
917 366 1047 444 frugibus
1062 370 1113 431 ini·

115 451 188 510 mica
206 449 349 526 vivaxque
368 448 535 525 praecipue.

179 546 262 626 (59.)
286 545 490 606 Aculeatarom
507 545 605 606 caules
618 547 776 626 aliquarum
791 564 845 626 per
858 555 965 608 terram
980 560 1109 628 serpunt,
1121 561 1156 617 99

114 641 144 692 ut
162 632 224 692 eius
243 649 326 709 quam
342 646 520 710 coronopum
538 639 651 691 vocant.
684 630 832 690 ediverso
852 640 908 692 stat
923 632 1049 694 anchusa
1074 637 1114 694 in-

92 737 105 776 ι
117 714 239 776 11616060
258 716 337 791 ligno
354 714 489 792 cerisque
504 713 608 775 radicis
622 723 806 794 aptae,‚staot
818 733 834 774 e
846 716 1005 776 mitioribus
1017 717 1113 777 anthe·¹
1125 789 1128 792 ¹

106 801 166 872 mis
184 807 214 858 et
232 797 415 877 phyllanthes
432 807 462 858 et
482 805 623 858 anemone
643 807 673 858 et
693 798 815 878 aphace
847 800 929 859 caule
950 798 1051 860 foliato
1071 811 1115 861 est

114 884 212 961 crepis
228 891 258 942 et
275 883 362 943 lotos

174 982 262 1060 (60.)
282 981 452 1042 Differentia
469 981 604 1041 loliorum
620 990 649 1041 et
662 981 710 1040 hio
726 999 801 1081 quae
818 983 847 1040 io
863 956 1014 1042 arboribus
1029 982 1157 1048 bre-100
1251 1045 1255 1053 ,

113 1067 200 1126 vitate
216 1065 344 1143 pediculi
360 1083 395 1125 ac
412 1065 606 1163 longitudine,
629 1066 791 1143 angustiis
783 1067 873 1144 ipsius
890 1065 959 1141 ioli,
983 1066 1114 1145 amplitu-

79 1149 190 1224 mdiue,
211 1150 372 1228 angulis,'
364 1149 507 1225 incisuris,
531 1149 634 1225 odore,
652 1149 734 1210 ilore.
766 1149 922 1210 diuturnior
936 1111 983 1208 b'ic
1000 1150 1114 1228 quibus*
1176 1167 1179 1177 ¹

112 1233 175 1293 dam
194 1251 248 1310 per
264 1233 353 1312 partis
375 1231 560 1308 florentibus,
581 1242 611 1292 ut
632 1234 742 1308 ocimo,
764 1233 953 1312 heliotropio,
972 1231 1113 1312 aphacae,

112 1317 248 1377 onochili.
294 1319 342 1376 17.
363 1314 461 1374 Multis
483 1317 557 1375 inter
578 1317 652 1376 baec
674 1326 790 1390 aeterna
804 1317 886 1376 ‘lolia
902 1319 976 1376 sicut
998 1314 1113 1398 quibus·
1210 1334 1214 1341 ’

112 1400 175 1460 dam
190 1400 342 1477 arborum,
363 1400 563 1478 inprimisque
580 1400 773 1478 heliotropio,
797 1399 930 1478 adianto,
952 1401 1043 1480 polio.

176 1499 259 1579 (61.)
283 1496 370 1559 Aliud
391 1517 490 1558 rursus
506 1501 680 1578 spicatarum
702 1509 809 1576 genus,
831 1519 868 1559 ex
893 1519 950 1578 quo
976 1520 1007 1560 es
1010 1497 1094 1577 'op
1106 1497 1156 1567 ld

79 1599 204 1659 15nops,
225 1581 420 1659 alopecuros,
444 1583 646 1661 stelephuros,
669 1617 711 1629 -·
742 1599 827 1660 quam
847 1584 961 1661 quidam
982 1593 1124 1661 ortygem

4 1661 5 1666 ’
113 1671 237 1740 vocant,
258 1663 306 1722 alii
321 1663 535 1740 plantaginem,
558 1663 594 1724 de
616 1681 671 1742 qua
690 1665 774 1743 plura
790 1667 917 1726 dicemus
937 1669 1011 1726 inter
1028 1687 1086 1726 me·
1077 1687 1125 1730 -au
1133 1689 1156 1723 co

114 1747 250 1808 dicas-
257 1737 430 1821 ,thryallis
464 1765 501 1807 ex
523 1749 557 1807 iis
578 1747 753 1827 alopecuros
770 1750 880 1828 spicam
894 1749 981 1810 habet
997 1751 1115 1810 mollem

114 1841 143 1893 et
162 1831 326 1907 lanuginem
350 1830 468 1890 densam
495 1847 552 1890 non
578 1832 742 1892 dissimilem
762 1829 888 1932 vulpium
905 1832 1017 1907 caudis,
1040 1835 1153 1894 unde
1207 1833 1212 1842 ‘

113 1917 142 1976 ei
157 1924 186 1975 et
200 1932 313 1974 nomen.
344 1932 484 1991 proxuma
500 1924 544 1974 est
559 1934 586 1975 er
579 1916 801 1992 stelephuros,
822 1918 876 1977 nisu
869 1917 977 1996 quod
984 1918 1032 1978 illa
1048 1937 1153 1997 par-

77 1991 252 2062 aoticulatim
274 1997 368 2057 doret.
398 1997 555 2058 cichorion
576 2009 604 2058 et
627 1999 729 2060 similia
751 2003 828 2060 cirea
852 2011 957 2062 terram
977 2003 1046 2062 lolia
1064 2003 1111 2062 ha·

113 2083 183 2162 beot
198 2082 385 2160 germinantia
401 2081 437 2141 ab
453 2082 550 2144 ua'dice
566 2092 632 2162 post
647 2083 794 2160 vergilias.

175 2180 258 2260 (62.)
281 2179 442 2240 Perdicium
466 2189 495 2239 et
516 2180 590 2240 aliae
608 2189 711 2258 gentes
732 2198 817 2260 quam
837 2179 974 2258 Aegyptii
996 2182 1090 2242 edunt.
1104 2195 1154 2248 102

111 2283 218 2338 nomen
237 2264 314 2324 dedit
339 2265 399 2324 avis
421 2265 450 2323 id
470 2282 600 2324 maxume
627 2281 741 2323 eruens.
775 2264 1126 2346 crassas-plurumasquer

113 2349 201 2410 habet
220 2348 346 2409 radices.
379 2348 446 2406 item
464 2347 645 2424 ornithogale
661 2347 745 2408 caule
762 2356 879 2420 tenero,
905 2347 1043 2424 candido,
1067 2367 1112 2408 se.-
1208 2358 1215 2362 ·

74 2432 258 2510 semipedali,
282 2450 298 2491 a
318 2432 418 2491 radice
439 2430 575 2506 bulbosa,
602 2430 681 2490 molli
695 2431 786 2491 tribus
802 2440 849 2491 aut
862 2441 1002 2509 ,quattuor
1025 2450 1115 2509 agna,

113 2517 159 2575 tis.
192 2517 324 2593 coquitur
341 2514 473 2594 iupulte.

177 2611 261 2692 (63.)
283 2609 384 2676 blirum
410 2611 492 2672 loton
518 2611 636 2674 herbam
660 2623 690 2674 et
713 2611 850 2691 aegilopa
873 2630 931 2673 non
958 2615 1012 2674 nisi
1026 2624 1093 2692 post
1104 2623 1155 2678 103

114 2714 216 2758 annum
234 2714 252 2754 e
267 2697 376 2754 semine
392 2713 445 2754 suo
460 2698 549 2755 nasei.
581 2699 651 2758 mira
675 2706 704 2756 et
719 2696 886 2756 anthemidis
901 2707 1015 2773 natura,
1035 2697 1113 2776 quod

114 2796 256 2840 asummo
271 2778 377 2841 florere
394 2779 509 2857 incipit,
531 2797 595 2838 cum
611 2789 727 2840 ceterae
744 2797 854 2854 omnes,
871 2797 945 2857 quae
960 2782 1112 2858 particula·

4 2911 5 2914 0
76 2866 174 2938 601110,
193 2862 299 2922 llorere
315 2861 377 2920 ab
369 2879 422 2922 rma
440 2863 484 2923 sui
492 2872 581 2960 parte
599 2864 743 2943 incipiant.

177 2947 261 3026 (64.)
282 2943 418 3004 Notabile
436 2955 464 3006 et
490 2946 518 3004 in
543 2946 631 3026 lappa
656 2965 745 3026 quae
751 2945 948 3024 adhaerescit,
970 2917 1072 3026 quod
1064 2967 1092 3007 m
1105 2957 1156 3012 lbi

114 3033 179 3110 ipsa
203 3029 269 3092 llos
282 3029 409 3088 nascitur
434 3047 491 3089 non
509 3030 628 3090 evidens
654 3031 707 3090 sed
729 3031 803 3088 intus
824 3030 972 3106 occultos,
993 3039 1023 3090 et
1040 3034 1113 3092 intra

116 3115 236 3176 seminat
250 3112 330 3172 velut
348 3112 477 3173 animalia
500 3131 573 3192 quae
600 3115 629 3173 in
654 3132 696 3173 se
712 3114 833 3192 pariunt.
871 3113 954 3176 Giroa
972 3111 1113 3192 Opuntem

115 3207 161 3260 est
181 3196 272 3256 herba
292 3198 378 3256 etiam
399 3195 503 3256 bomini
525 3196 634 3274 dulcis,
652 3199 811 3275 mirumque
830 3196 939 3258 660110
960 3199 1022 3258 eius
1037 3198 1112 3259 radi·

77 3299 180 3346 oseem
198 3280 261 3340 lieri
278 3297 312 3339 ac
328 3281 371 3338 sic
388 3298 450 3340 eam
466 3284 555 3340 trasei.

178 3363 263 3444 (65.)
284 3361 398 3422 lusione
413 3380 498 3423 unum
503 3363 615 3437 folium
631 3363 734 3440 habet,
756 3364 808 3425 sed
826 3365 864 3424 ita
882 3343 1046 3463 inplicatur]
1062 3375 1153 3429 ut105

117 3448 199 3529 plura
220 3442 396 3508 videantur.¹
420 3416 596 3522 chondrylla
623 3465 718 3508 amara
736 3457 780 3507 est
806 3457 836 3506 et
859 3445 935 3509 acris
960 3448 988 3510 in
1013 3450 1111 3512 radice
