2552 3866
264 294 266 298 ,
298 205 398 287 ιιι.
415 239 506 287 nnsn.
524 241 581 286 xx.
597 223 851 308 42-5.(13—18.)
1036 236 1094 298 193

95 413 174 470 namq
197 403 226 453 ct
245 394 451 472 phagedaenas
467 393 598 455 ulcerum
612 395 688 453 sistit
701 413 807 454 recens
829 414 893 456 cum
907 399 994 492 prelle
1012 403 1092 479 inpo-

95 481 175 538 situm
197 477 247 538 vel
265 477 373 537 aridum
390 477 480 537 farina
503 479 679 556 inspersum<
709 479 836 539 radicem
859 482 920 540 eius
943 481 1089 544 Dieuches
1101 495 1135 550 31

95 572 193 622 contra
213 562 411 620 'iocineris-ac
434 561 535 637 lienis,
560 561 665 637 ilium‚·
680 562 840 624 lumborum
858 574 886 624 et
901 567 1010 639 renium
1025 570 1094 630 vitia

94 665 131 704 ex
145 660 220 722 aqua
238 643 407 718 mulssydari
421 645 519 722 iubet,
529 642 734 724 -cteopnaotns
748 655 777 706 et
791 648 976 722 dysintericis
988 654 1095 712 reteri·

64 729 155 789 abus.
188 727 318 788 Philistic
340 729 369 786 in
387 728 466 788 lacte·
485 729 583 806 coquit
606 738 636 788 et
652 729 689 792 ad
709 733 898 807 stranguriam
920 733 968 792 dat
982 735 1093 794 radicis
1197 804 1198 811 χ
1263 765 1264 774 ¹

91 814 191 872 uncias
208 821 359 890 quattuor,
385 830 423 871 en
436 829 517 891 aqua
533 797 720 890 hydropicis,
742 814 876 892 similiter,
888 825 917 876 et
931 814 1093 896 opisthoto-

90 899 165 957 nicis
182 905 218 975 ,et
240 895 402 973 pleuriticis
427 905 455 955 et
478 893 682 958 comitialibus.
718 897 952 960 habentas'eam
973 899 1054 960 lerini
1078 919 1095 962 a

91 975 279 1057 serpentibus
300 975 459 1056 negantur,
489 989 537 1038 aut
559 981 695 1058 quiante
718 983 981 1058 gustaverintznon
1005 985 1092 1044 laedi.

89 1065 240 1144 percussis
256 1065 401 1140 inponitur
417 1081 479 1122 cum
494 1065 635 1140 axungia,
652 1063 722 1124 folia
734 1073 835 1125 contra
848 1059 1004 1127 cruditates
1016 1086 1092 1126 man-

52 1167 78 1208 so
90 1149 202 1208 duntur.
236 1145 554 1230 Orpheus'amatoriurn
572 1149 669 1207 inesse
691 1148 856 1225 staphylino
875 1140 969 1226 dinit,v
983 1150 1088 1211 fortas·
1100 1161 1135 1216 32

88 1235 129 1292 sis
155 1231 292 1309 quoniam
315 1231 620 1294 veneremstimulari.
637 1232 694 1290 hoc
715 1232 787 1292 cibo.
806 1239 915 1304 certum
936 1241 989 1298 cst.
1026 1235 1091 1294 idco

87 1325 251 1392 conceptus
274 1315 403 1384 adiuvari
426 1314 514 1392 aliqui
530 1315 729 1393 prodiderunt.
759 1311 812 1375 Ad
825 1316 939 1396 reliqua
955 1326 984 1377 et
1001 1321 1091 1379 estiva

23 1423 26 1430 ·
85 1399 192 1480 pollet.
227 1395 377 1472 eiilcamcr
391 1409 487 1458 tameo
499 1399 644 1459 silvestris
658 1400 852 1498 magisqueqin
871 1403 999 1478 petrosis
1015 1413 1090 1463 nata.
1155 1397 1161 1413 ’

85 1495 190 1544 semen
215 1483 324 1543 sativae
347 1501 464 1563 quoque
486 1492 587 1543 contra
605 1485 789 1560 scorpionum
814 1491 886 1543 rctus
905 1486 1027 1544 annino
1044 1496 1091 1546 aut

48 1583 182 1648 mposca
203 1565 330 1626 salutare
356 1577 410 1626 est.
441 1567 540 1629 radice
561 1569 622 1626 eius
641 1567 853 1644 circumscalpti
870 1567 972 1627 dentes
988 1569 1091 1629 dolore

83 1651 260 1712 liberantur.
587 1687 592 1700 ι
617 1668 620 1676 ’

149 1731 237 1810 ’(16.)
259 1732 387 1806 Syriain
403 1731 494 1792 hortis
511 1734 729 1812 operosissima,
757 1734 892 1810 venitque
915 1734 943 1790 in
966 1743 1133 1810 prover-33

83 1819 167 1880 bium
175 1815 294 1875 Graecis
304 1814 428 1875 :multa
438 1815 608 1890 Syrorum
621 1816 734 1876 olera.
748 1816 916 1878 simillimam
926 1815 1089 1894 staphylino

81 1900 211 1962 herbam
231 1901 302 1958 serit
324 1917 408 1977 quam
427 1899 475 1959 alii
496 1901 645 1976 gingidion
661 1908 792 1976 vocant‚.
809 1902 922 1960 tenuius
938 1909 1044 1960 tantum
1063 1911 1091 1962 et

45 1977 215 2047 statuarius
239 1982 425 2068 eiusdemque
448 1982 581 2043 eiiectus.
611 1993 690 2044 estur
712 1994 825 2044 coctum
840 1985 1016 2063 crudumque
1031 1994 1091 2044 sto·

80 2067 184 2132 machi
199 2083 304 2144 magna
319 2067 457 2142 utilitate,
475 2069 566 2126 siccat
578 2069 652 2126 enim
663 2082 701 2126 ex
713 2068 772 2128 alto
786 2071 876 2130 omnis
888 2070 950 2128 eius
961 2085 1086 2129 umores.

155 2151 240 2230 (17.)
262 2151 348 2210 steen
369 2152 523 2210 erraticum
543 2152 635 2210 sativo
649 2151 743 2210 simile
761 2160 805 2210 est
828 2159 857 2210 et
879 2152 1001 2214 eliectu:
1027 2162 1084 2212 sto*
1097 2166 1132 2220 34
1175 2183 1187 2200 ι

79 2236 225 2299 maehum
244 2237 366 2310 excitat,
392 2234 535 2294 fastidium
563 2234 713 2312 absterget
736 2251 775 2294 ex
796 2241 879 2294 aceto
898 2235 1088 2312 laserpiciato

82 2329 234 2397 sumptum
256 2328 303 2378 aut
322 2337 360 2378 ex
378 2321 479 2396 pipere
503 2327 533 2377 et
547 2319 646 2378 mulso·
659 2319 708 2378 vel
729 2337 767 2380 ex
782 2335 863 2395 garo.
887 2317 1004 2376 urinam
1021 2319 1088 2393 ciet,

41 2421 70 2462 ²5
82 2404 118 2464 ut
134 2403 235 2480 Opion
252 2403 358 2478 credit,
379 2412 407 2462 et
424 2413 570 2461 venerem.
581 2436 587 2446 c
600 2404 630 2462 in
646 2402 746 2462 eadem
763 2402 904 2462 sententia
918 2411 963 2460 est
976 2408 1005 2460 et
1018 2399 1087 2460 uio-

83 2488 172 2558 cles,
198 2496 353 2564 praeterea
379 2485 460 2547 cordi
484 2488 639 2546 convenire
661 2486 927 2546 convalescentium
953 2494 1000 2544 aut
1023 2493 1090 2563 post

80 2569 196 2632 multas
218 2573 389 2629 vomitiones
410 2587 549 2648 perquam
568 2571 647 2631 utile.
676 2569 846 2643 Heraclides
868 2577 968 2628 contra
983 2587 1084 2645 argen-
1097 2577 1131 2632 35

80 2667 150 2716 tum
174 2654 269 2712 vivon
290 2654 384 2729 dedit,
410 2649 561 2713 et'veneri
582 2653 702 2713 subinde
713 2654 870 2713 adcusanti
884 2653 1038 2729 aegrisque
1055 2671 1089 2712 se

79 2731 350 2814 recolligentibus:
371 2737 504 2796 Hicesius
527 2736 593 2794 ideo
609 2737 761 2796 stomacho·
773 2736 872 2795 inutile
891 2736 983 2794 videri
1005 2735 1086 2809 dixit,

35 2820 229 2904 aequoniam
245 2837 337 2880 nemo
356 2823 407 2880 tris
429 2823 538 2880 siseres
560 2819 883 2895 edendocontinuaret‚
901 2817 978 2876 'esse
993 2823 1089 2877 tamen

76 2905 163 2967 utile
187 2905 458 2963 convalescentibus
482 2903 519 2966 ad
533 2904 628 2962 vinum
642 2902 863 2963 transeuntibus.
896 2901 978 2964 sativi
994 2901 1087 2977 priva-

77 2993 139 3051 tim
158 3003 246 3046 sucus
260 3005 323 3046 curn
335 2987 412 3046 laicte
429 2989 547 3066 caprino
563 2996 650 3065 pctus
667 2985 858 3068 sistitalvcm.

153 3069 240 3151 (18.)
264 3068 301 3130 m
314 3072 448 3148 quoniam
463 3071 621 3149 'plerosque
637 3070 790 3130 similitudo
806 3071 948 3128 nominum
961 3068 1085 3130 Graeco·
1095 3079 1130 3134 36
1196 3065 1200 3074 ’

75 3173 152 3220 rum
180 3155 341 3230 conlundit‚
361 3155 539 3214 conteximus
562 3155 645 3215 etde
664 3155 725 3230 sili,
750 3153 803 3213 sed
819 3153 875 3213 hcc
890 3162 935 3212 est
953 3153 1088 3228 volgatae
1195 3157 1200 3172 ²

33 3263 63 3304 ss
75 3238 223 3304 notitiae.
256 3247 399 3316 optumum
410 3236 607 3314 massiliense,
619 3239 679 3298 lato
697 3239 770 3297 enim
786 3255 876 3314 grano
892 3246 920 3297 et
935 3235 1015 3296 fulvo
1033 3246 1087 3312 est,

75 3323 253 3387 secundum
284 3317 489 3399 Aethiopicum
518 3324 641 3398 nigrius,
679 3320 823 3381 Creticum
860 3319 1088 3380 odoratissimum

75 3409 229 3471 omnium.
253 3405 337 3466 radix
347 3406 460 3464 iucundi
473 3405 571 3464 odoris
588 3415 641 3465 est.
665 3421 763 3464 semen
779 3421 845 3464 esse
861 3410 890 3462 et
903 3403 1032 3463 voltures
1047 3403 1086 3462 dt-

76 3501 207 3554 cuntur.
235 3489 356 3569 prodest
376 3490 481 3548 homini
496 3489 532 3549 ad
546 3492 645 3549 tussim
659 3499 805 3564 veterem,
828 3497 927 3565 rupta,
950 3486 1089 3546 convolsa

137 3579 426 3636 numnammsndll.
602 3595 605 3604 ¹
889 3570 926 3631 13
