2552 3866
312 221 391 267 unu.
408 167 499 267 rursu.
515 219 626 266 xv1111.
642 215 728 269 6—7.
743 207 895 284 (33-36.)
1045 206 1104 267 175

108 393 159 436 uas
171 374 359 454 suspendisse
373 371 543 452 abundeque
551 374 589 432 ita
596 372 699 451 profici
706 371 877 433 arbitrantur
886 389 922 432 ne
930 375 1103 450 germinent,

108 459 186 540 quod
201 458 302 518 facere
317 456 401 536 aliqm
417 473 577 535 cepamque
594 465 675 516 entra
690 464 795 516 terram
807 472 924 535 quoque
937 467 1046 517 certum
1060 466 1105 517 est

108 553 138 604 et
161 541 306 603 cauliculo
327 549 392 601 acto
415 555 603 600 euanescere.
632 539 720 618 aliqui
743 549 772 600 et
792 540 878 599 alium
893 539 978 616 palea
993 543 1104 601 servari

108 637 227 706 optume
240 633 349 704 putant.
373 623 469 685 Alium
483 631 569 684 estet
581 625 696 684 inarvis
709 632 814 702 sponte
825 641 949 683 nascens
960 624 1147 690 -alunr116

84 718 216 776 evocant
234 709 368 787 —quod
385 707 526 789 adversus
545 707 749 785 inprobitatem
773 707 870 767 alitum
887 707 1105 786 depascentium

108 795 363 868 seminacoctum,
385 809 422 851 ne
436 793 551 851 renasci
564 793 675 870 possit,
697 790 834 866 abicitur,
862 793 1015 871 statimque
1031 809 1105 872 quae

83 879 91 890 ’
107 879 290 938 devoravere
305 893 374 936 aves
389 884 539 954 stupentes
551 892 633 936 mauu
647 876 797 953 capiuntur
810 885 848 954 ct,
864 877 888 934 si
901 875 1016 953 paulum
1028 893 1105 934 conr·

106 977 240 1040 morere,
276 961 398 1039 sopitae.
437 969 482 1019 est
507 969 537 1020 et
563 959 699 1018 silvestre
727 958 805 1037 quod
831 959 958 1018 ursinum
987 969 1105 1037 vocant,

107 1047 202 1108 odore
218 1044 318 1121 simili,
336 1045 432 1121 capite
447 1044 615 1121 praetenui,
631 1041 709 1102 foliis
723 1042 888 1120 grandibus.
961 1045 971 1050 '

70 1149 96 1190 ro
169 1131 199 1189 7.
221 1128 305 1208 (35.)
324 1127 357 1188 ln
372 1128 457 1187 horto
472 1136 600 1187 satorum
616 1127 768 1186 celerrime
782 1134 937 1187 nascuntur
952 1128 1085 1202 ocimuru,
1098 1135 1147 1191 117

81 1207 224 1289 ‘blitum,
251 1229 359 1291 napus,
386 1229 484 1272 eruca.
513 1211 599 1270 tertio
628 1212 702 1270 enim
727 1209 773 1269 dle
799 1219 966 1288 erumpunt,
992 1219 1106 1270 auctura

104 1306 229 1378 quarto,
253 1297 366 1356 lactuca
382 1296 496 1374 quinto,
518 1294 663 1372 raphanus
677 1303 779 1370 sexto,
797 1296 940 1371 cucumis,
957 1293 1109 1356 cucurbita

104 1391 256 1460 septumo,
287 1381 368 1459 prior
392 1380 535 1453 cucumis,
566 1379 749 1453 nasturtium,
776 1379 869 1457 sinapi
897 1379 1011 1458 quinto,
1038 1377 1106 1439 beta

102 1475 218 1525 aestate
231 1473 327 1538 sexto,
343 1463 438 1522 hierne
452 1461 584 1538 decumo,
601 1462 725 1546 atriplex
738 1471 854 1538 octauo,
868 1479 961 1542 cepae
972 1474 1044 1522 xm.
1059 1471 1107 1522 aut

68 1564 93 1606 1⁵
102 1563 184 1624 xx„
207 1547 345 1624 gethyum
368 1546 489 1606 decumo
508 1555 555 1606 aut
571 1546 757 1621 duodecimo,
781 1548 975 1606 contumacius
994 1548 1104 1606 coriau-

103 1633 208 1705 drurn,
235 1629 327 1689 cunila
345 1629 459 1706 quidem
476 1639 506 1688 et
520 1631 668 1707 origanum
683 1639 751 1706 post
766 1643 847 1688 xxx.
865 1629 955 1704 diem,
983 1632 1106 1690 omnium

104 1725 204 1776 autern
227 1711 396 1772 difficillime
415 1714 517 1790 apium:
546 1714 768 1794 quadragesimo
783 1713 857 1771 eninr
872 1711 918 1771 die
935 1729 997 1772 curu
1014 1712 1106 1772 celer·

102 1801 195 1873 rime,
222 1795 460 1875 quinquagesimo
478 1797 585 1858 maiore
601 1814 638 1882 en
654 1805 736 1875 parte
752 1795 881 1872 emergit.
926 1794 1042 1874 Aliquid
1058 1805 1087 1856 ct
1098 1806 1149 1861 118

102 1885 250 1945 seminum
278 1888 357 1939 aetas
383 1879 511 1954 confert,
539 1881 672 1959 quoniam
693 1881 972 1954 recentiamaturius
987 1881 1107 1957 gignunt

65 1971 131 2030 rein
145 1982 252 2047 porro,
268 1963 388 2040 gethpo,
404 1965 525 2039 cucumi,
541 1964 700 2039 cucurbita,
714 1983 752 2024 ex
762 1973 864 2024 vetere
876 1973 969 2024 autem
980 1964 1106 2024 celerius

100 2049 284 2132 proveniunt
300 2048 404 2126 apium,
419 2046 496 2122 beta,
513 2047 683 2124 cardonum,
701 2049 804 2124 cunila,
820 2049 977 2126 origanum,
994 2049 1107 2108 corian-

100 2137 197 2196 drum.
230 2133 330 2191 mirum
350 2132 378 2190 iu
398 2129 484 2190 betae
506 2132 630 2204 semine,
657 2147 714 2190 non
736 2133 810 2190 enirn
832 2141 891 2192 tota
914 2133 1016 2192 eodem
1032 2149 1106 2192 anno

99 2221 217 2298 gignit,
244 2216 295 2275 sed
313 2214 420 2294 aliquid
436 2225 589 2294 sequente,
611 2214 717 2294 aliquid
733 2225 762 2274 ct
774 2216 870 2274 tertio.
890 2217 987 2294 itaque
1003 2233 1042 2274 ex
1056 2233 1105 2275 co·

100 2306 152 2382 pia
178 2301 299 2363 seminis
320 2297 433 2358 modice
456 2301 592 2359 nascitur.
625 2300 763 2377 quaedam
779 2315 853 2358 anno
868 2307 973 2358 tanturn
988 2315 1041 2357 suc
1056 2317 1106 2378 pa·

61 2410 89 2450 25
99 2391 190 2462 siunt,
209 2381 352 2463 quaedam
368 2384 496 2460 saepius,
513 2385 586 2444 sicut
601 2385 705 2461 apium,
721 2400 850 2462 porrum,
866 2382 1013 2459 gethyum,
1032 2381 1107 2442 haec
1123 2410 1127 2414 ·

102 2474 182 2531 euim
198 2461 293 2527 semel
309 2476 370 2527 sata
385 2465 516 2546 pluribus
530 2469 611 2526 annis
623 2467 747 2526 restibili
763 2467 910 2526 fertilitate
923 2467 1105 2544 proveniunt.

121 2628 125 2637 .
169 2551 259 2629 (36.)
280 2551 394 2610 Semina
409 2549 545 2628 plurumis
560 2552 695 2627 rotunda,
712 2551 815 2628 aliquis
830 2550 972 2626 oblonga,
989 2551 1149 2629 paucis119

100 2638 239 2698 foliacea
256 2643 284 2694 et
299 2635 371 2709 lata,
393 2643 422 2692 ut
438 2634 576 2712 atriplici,
601 2634 770 2714 quibusdam
786 2644 904 2712 angusta
921 2643 950 2694 et
964 2635 1105 2695 canalicu-

101 2723 183 2794 lata,
208 2727 241 2777 ut
263 2719 384 2778 cumino.
408 2715 541 2777 differunt
556 2719 701 2780 etcolore
716 2720 800 2794 nigro
816 2717 1012 2798 candidoque,
1037 2720 1106 2777 itern
1146 2719 1149 2724 '

63 2804 216 2869 ecduritia
239 2800 418 2861 surculacea.
444 2801 473 2860 in
495 2799 627 2859 folliculo
645 2809 709 2860 sunt
722 2801 868 2880 raphano,
893 2803 1001 2878 sinapi,
1022 2817 1105 2880 rapo.

100 2889 216 2950 nudum
237 2901 337 2944 sennen
351 2885 413 2962 api,
431 2884 591 2962 coriandri,
610 2885 700 2959 aneti,
717 2884 846 2960 feniculi,
865 2885 978 2960 cqrnini,
996 2886 1106 2944 cortice

102 2972 270 3035 obductum
287 2967 366 3043 bliti,
388 2968 489 3044 betae,
512 2967 667 3045 atriplicis‚
683 2969 784 3042 ocimi,
804 2978 832 3029 at
847 2968 967 3028 lactucis
982 2967 1010 3025 in
1028 2968 1106 3027 lanu·

101 3059 187 3136 gine.
223 3049 301 3112 Nihil
318 3053 411 3110 ocimo
425 3049 585 3112 fecundius.
610 3064 673 3110 cunr
688 3052 847 3111 maledictis
865 3069 899 3110 ac
914 3049 1029 3129 probris
1043 3069 1089 3110 sc·
1099 3061 1149 3115 120

99 3139 233 3203 rendum
257 3135 436 3214 praecipiunt
449 3143 480 3194 ut
495 3137 598 3196 laetius
616 3137 780 3214 proveniat,
809 3145 873 3195 sato
890 3135 1002 3213 pavitur
1018 3143 1105 3224 terra,

62 3235 134 3292 seut
151 3221 302 3286 cuminum
319 3219 365 3296 qui
381 3227 480 3276 sernut
495 3228 648 3298 precantur
662 3237 699 3278 ne
716 3227 811 3280 exeat.
858 3219 938 3293 Quae
954 3220 982 3277 in
997 3219 1107 3279 cortice

100 3317 173 3372 sunt
194 3301 368 3366 dtttettttme
382 3301 556 3379 inarescant,
572 3320 759 3382 maxumeque
775 3305 905 3379 ocimum,
925 3309 955 3362 et
969 3302 1035 3363 ideo
1051 3303 1106 3362 sic·

101 3402 213 3456 cantur
244 3387 337 3446 omnia
363 3402 397 3445 ac
423 3395 488 3445 sunt
512 3385 644 3450 fecunda.
676 3389 775 3466 utique
802 3385 922 3446 meliora
953 3395 1107 3447 nascuntur

100 3471 272 3540 acervatim
300 3477 362 3529 sato
390 3471 498 3529 semine
524 3487 607 3549 quarn
630 3487 743 3549 sparso.
773 3471 811 3531 ita
836 3480 916 3531 certe
939 3488 1054 3550 porrum
1079 3479 1108 3530 et
