2538 3864
327 193 407 239 nnn.
424 191 515 240 mss.
531 192 616 239 xxn.
633 189 717 244 4-7.
734 181 850 258 (4—8.)
1022 183 1084 246 269

12 391 14 394 .
95 353 185 406 natum
211 344 383 406 obsidionali
402 347 431 404 in
456 344 558 406 Africa
582 344 698 408 blanilio
721 345 897 406 consulem
920 348 1086 410 cohortibus

94 430 213 493 servatis
232 427 408 504 totidemque
424 428 459 488 ad
483 429 640 490 servandas
662 446 712 489 ees
728 429 854 506 eductis,
876 431 955 508 quod
978 441 1008 491 ct
1030 443 1086 494 sta·

93 521 157 572 tuae
174 513 236 572 eius
251 513 279 570 in
296 513 361 572 loro
377 528 430 572 suo
447 511 530 573 divos
545 511 693 590 Augustus
711 512 891 591 subscripsit.
923 515 1016 593 ipsam
1029 516 1086 576 Au·

94 602 203 672 gustum
220 591 258 652 ti.
275 593 419 655 Cicerone
436 595 496 656 lilio
518 597 639 656 consule
660 595 754 656 idibus
769 595 988 674 Septembribus
1006 616 1087 660 sena-

73 677 324 743 ntusobsidionali
340 677 471 755 donavit,
490 679 564 739 adeo
580 679 672 740 civica
686 680 830 738 nonsatis
846 679 1004 754 videbatur.
1034 701 1088 742 nec

92 769 244 840 praeterea
258 778 429 840 quemquam
444 761 498 822 hac
513 763 671 822 invenimus
685 763 829 822 donatum·
1193 827 1202 842 Ι

156 846 220 922 (7.)
242 844 346 906 Nullae
360 863 431 922 ergo
446 845 554 906 berbae
571 848 653 906 lucre
668 855 767 906 certae
782 847 810 905 iu
822 845 879 910 boc
893 847 1015 924 bonore,
1034 849 1130 912 sedit

92 943 287 1008 quaecumque
300 928 413 988 luerent
429 929 458 987 in
472 930 594 1007 periculi
607 929 679 990 sede
700 930 829 1008 quamvis
845 931 989 1007 ignobiles
1005 933 1087 1009 igno-

91 1020 194 1089 taeque
209 1010 348 1072 honorem
362 1011 489 1072 nobilem
503 1012 663 1092 iaciebant,
678 1013 755 1092 quod
770 1013 862 1074 latere
880 1015 955 1094 apud
972 1028 1025 1075 nos
1038 1017 1088 1075 mi·

60 1113 142 1159 mnus
158 1094 271 1173 quidem
297 1098 385 1156 miror
401 1113 523 1154 cerneus
549 1096 668 1173 neglegi
684 1115 719 1156 ea
741 1114 857 1182 quoque
873 1115 948 1175 quae
961 1099 998 1158 ad
1018 1100 1088 1160 vali·

91 1177 215 1237 tudinem
243 1179 470 1240 conservandam
497 1181 699 1258 cruciatusque
721 1181 853 1260 corporis
874 1180 1087 1260 propulsandos

12 1279 13 1284 ¹
91 1269 120 1321 et
135 1271 254 1322 mortem
270 1262 423 1322 arcendam
440 1264 594 1340 pertinent.
631 1263 684 1324 scd
700 1265 837 1340 quis'non
851 1282 948 1325 mores
963 1267 1025 1325 iure
1041 1285 1087 1328 ca·
1144 1260 1149 1272 ’

91 1342 197 1420 stiget?
235 1345 372 1406 addidere
399 1345 514 1408 vivendi
540 1347 633 1425 pretia
658 1347 782 1408 deliciae
813 1347 965 1426 luxusque.
1009 1359 1087 1412 nnm-
1171 1355 1173 1360 '
1209 1413 1214 1420 ,

92 1444 174 1503 quam
191 1427 243 1488 luit
257 1431 334 1488 vitae
351 1429 455 1508 cupido
470 1429 562 1490 maior
580 1448 637 1490 nec
650 1431 742 1490 minor
765 1449 843 1492 cure
875 1431 995 1494 eliorum
1012 1434 1085 1495 banc
1098 1445 1130 1498 15

58 1527 199 1586 reoperae
225 1529 292 1570 esse
318 1513 477 1588 oredimus,
500 1513 538 1574 de
562 1514 693 1574 mandato
709 1514 823 1593 quidem
844 1523 944 1574 nostro
968 1516 1041 1576 alios
1060 1519 1088 1578 id
1153 1548 1157 1556 ·

92 1608 196 1669 agere,
225 1593 401 1670 medicisque
432 1596 585 1672 provisum
599 1615 666 1656 esse
690 1613 743 1673 pro
764 1595 858 1656 nobis.
891 1599 946 1674 ipsi
969 1598 1088 1658 fruimur

91 1675 286 1754 voluptatibus
302 1684 342 1752 et,
358 1693 415 1755 quo
434 1676 502 1737 nihil
524 1678 657 1756 equidem
666 1678 840 1756 'probrosius
857 1679 948 1756 duco,
968 1683 1087 1742 vivimus

13 1805 14 1808 η
92 1759 185 1818 aliena
201 1757 313 1818 liducia.
352 1761 437 1819 immo
454 1777 525 1820 vero
549 1759 697 1841 plerisque
719 1761 794 1820 ultro
817 1763 900 1822 etiam
925 1764 1023 1824 inrisui
1041 1785 1087 1825 su·

90 1860 153 1902 mus
168 1843 223 1902 ista
238 1851 462 1902 commentantes
477 1850 562 1922 atque
577 1845 675 1906 frivoli
688 1846 787 1923 operis
802 1847 961 1922 arguimur,
983 1865 1086 1925 magno

12 1967 18 1978 .
55 1954 82 1996 20
93 1941 262 2005 quamquam
277 1927 397 1992 inmensi
413 1925 520 1987 laboris
542 1927 646 1988 solatio
664 1929 763 2006 sperni
781 1946 844 1989 curn
865 1947 961 1990 rarum
975 1940 1086 2008 natura,

92 2027 176 2087 quam
192 2017 272 2068 certe
287 2025 344 2069 non
359 2008 486 2070 doluisse
501 2009 585 2070 nobis
609 2011 776 2072 docebimus
805 2021 834 2072 et
854 2014 953 2073 invisis
971 2032 1087 2094 quoquc

91 2092 189 2152 herbis
214 2093 371 2155 inseruisse
392 2093 538 2180 remedia,
571 2095 677 2173 quippe
704 2113 766 2154 cum
793 2095 949 2157 medicinas
974 2099 1087 2159 dederit

91 2177 178 2236 etiam
189 2175 338 2239 aculeatis.
353 2176 425 2236 baec
438 2177 511 2236 enim
524 2194 663 2254 proxume
675 2187 784 2238 restant
800 2179 837 2238 ex
850 2180 886 2238 iis
901 2197 971 2258 quas
986 2184 1083 2258 priore
1095 2193 1128 2248 16

67 2307 71 2316 .
91 2259 167 2319 libro
186 2260 406 2335 nominavimus,
426 2261 456 2318 in
472 2259 573 2337 quibus
588 2262 658 2340 ipsis
679 2262 886 2340 providentiam
907 2271 1024 2324 naturae
1041 2283 1085 2326 sa·

55 2364 82 2404 nn
91 2344 135 2403 tis
148 2343 248 2403 mirari
262 2343 455 2422 amplectique
468 2361 526 2404 non
540 2353 595 2404 est.
632 2345 751 2406 dederat
766 2363 838 2425 quas
857 2345 976 2406 diximus
990 2348 1086 2408 mollis

63 2487 66 2496 ,
93 2424 225 2503 cibisque
242 2436 356 2503 gratas,
386 2429 518 2505 pinxerat
539 2428 666 2490 remedia
681 2429 710 2488 in
736 2429 855 2490 llorlbus
877 2431 997 2509 visuque
1021 2433 1085 2509 ipso

92 2509 202 2568 animos
223 2510 396 2572 ,invitaverat
418 2510 502 2569 etiarn
527 2510 637 2572 deliciis
670 2512 775 2572 auxilia
800 2512 987 2591 permiscens.
1034 2533 1082 2576 cx·
1095 2525 1127 2579 17

76 2593 232 2670 'cogitavit
253 2592 362 2670 aliquas
385 2593 524 2670 adspectu
539 2593 686 2672 hispidas,
707 2603 785 2655 tactu
807 2597 910 2671 trucis,
931 2606 962 2656 ut
982 2608 1086 2659 tantum

91 2695 151 2736 non
165 2692 268 2735 vocem
284 2675 373 2753 ipsius
395 2676 526 2752 lingentis
541 2677 606 2737 illas
626 2679 822 2755 rationemque
836 2679 982 2740 reddentis
999 2700 1085 2742 exau-

52 2760 155 2824 todire
172 2759 336 2834 videamur,
359 2761 395 2820 de
410 2777 443 2818 se
456 2759 595 2837 depascet
608 2761 690 2822 avida
703 2761 870 2840 quadripes,
892 2781 928 2822 ne
945 2781 1086 2842 procaces

92 2860 191 2903 manus
217 2842 344 2920 rapiant,
362 2861 398 2902 ne
424 2841 558 2918 neglecta
581 2844 704 2920 vestigia
730 2853 880 2922 opterant,
903 2864 939 2906 ne
961 2848 1086 2907 insidens

60 2977 69 2990 .
91 2925 157 2986 ales
174 2925 325 3002 infringat,
349 2926 392 2985 bis
412 2919 563 2986 muniendo
584 2927 694 2988 aculeis
714 2927 839 3007 telisque
861 2929 1011 3006 armando,
1041 2949 1085 2990 re·

90 3008 195 3068 mediis
210 3018 240 3068 ut
254 3017 312 3068 tuta
328 3027 362 3068 ac
377 3009 456 3068 salva
473 3011 536 3069 sint.
569 3011 607 3070 ita
622 3012 680 3071 hoc
699 3028 813 3090 quoque
830 3013 907 3089 quod
923 3014 949 3071 in
971 3013 1006 3072 iis
1024 3015 1084 3074 odi·

90 3111 157 3152 mus
172 3091 315 3152 bominum
334 3108 420 3152 cause
437 3094 630 3169 excogitatum
647 3103 700 3154 est.

52 3203 81 3244 35
157 3179 185 3236 7.
210 3173 271 3254 (8.)
295 3174 380 3236 Clare
407 3176 436 3234 in
463 3177 561 3252 primis
589 3178 781 3238 aculeatarum
813 3196 920 3256 erynge
948 3189 993 3240 est
1020 3182 1081 3240 sive
1094 3191 1127 3244 18

92 3261 236 3336 eryngion
255 3267 353 3318 contra
372 3260 516 3336 serpentis
537 3268 566 3326 et
581 3278 690 3330 venena
710 3262 808 3322 omnia
821 3279 953 3324 nascens.
985 3264 1084 3324 adver·

91 3362 144 3403 sus
165 3345 239 3403 ictus
255 3359 424 3419 morsusque
442 3341 524 3401 radix
539 3345 600 3404 eius
620 3342 724 3404 bibitur
739 3344 889 3406 drachmae
908 3347 1036 3426 pondere
1057 3348 1085 3408 in

89 3426 161 3486 vino
183 3435 245 3500 aut,
265 3427 289 3486 si
310 3425 478 3505 plerumque
495 3426 560 3486 talis
580 3427 695 3487 iniurias
712 3429 863 3489 comitetur
877 3440 906 3491 et
921 3430 1027 3508 febris,
1047 3450 1084 3492 ex
1115 3489 1118 3492 .
