2534 3866
115 230 118 239 ·
193 216 233 280 98
536 227 565 274 o.
583 227 678 275 aurun
693 225 843 274 ssounur

189 402 269 458 urus,
292 400 366 461 quac
389 398 446 441 nou
468 383 496 440 lu
511 380 569 441 alio
589 381 666 438 vitae
688 397 798 456 genere
821 379 903 457 plura
926 381 1089 440 certiorave
1113 391 1187 443 sunt.

190 483 241 530 our
255 468 329 526 enim
344 483 402 525 nou
415 465 568 524 videantur
587 463 705 523 oracula
720 480 736 523 a
753 464 914 524 certissimo
934 464 981 524 die
997 481 1189 545 maxumeque

190 552 320 612 veridico
336 569 389 610 usu
403 545 558 628 prolecta?
848 599 850 606 ,
1153 594 1155 602 s

147 644 182 700 πθ
256 638 286 695 5.
310 633 481 712 Principium
502 640 596 692 autern
618 647 634 689 a
655 628 767 693 Catone
789 648 948 692 sumemus:
977 631 1188 693 Fortissimi

190 720 314 780 viriet
335 717 472 778 milites
494 713 747 774 strenuissimi
769 732 812 773 ex
834 715 1016 791 agricolis
1033 719 1214 793 gignamus

190 815 246 864 tur
277 804 507 878 minumeque
537 797 631 858 male
659 799 887 874 cogitantes.
932 799 1120 860 Praedium
1145 819 1188 862 ne

191 887 323 966 cupide
343 902 448 946 eruas.
477 884 510 942 iu
526 900 565 941 re
588 883 733 942 rustica
754 895 889 959 operae
911 900 955 941 ne
975 902 1125 962 parcas,
1155 886 1189 944 iu

191 989 277 1048 agro
310 967 458 1029 eruendo
489 967 662 1026 minume·
696 965 789 1044 quod
817 965 913 1026 male
951 978 1104 1046 emptum
1132 978 1189 1028 est

192 1071 337 1132 semper
361 1050 542 1129 poenitet.
585 1058 939 1126 agrum‘paraturos
964 1061 1046 1111 aute
1074 1054 1188 1112 omnia

190 1138 325 1198 intueri
353 1143 508 1213 oportet
542 1150 687 1211 aquam,
725 1133 834 1212 viam,
864 1134 1037 1195 vicinum.
1070 1136 1224 1213 Singulae

147 1235 180 1290 27
193 1237 312 1298 magnas
326 1220 581 1298 interpretationes
600 1216 707 1277 hahent
725 1217 906 1278 necdubias.
941 1216 1013 1280 Cato
1029 1221 1057 1280 in
1073 1212 1187 1279 couter-

190 1305 272 1365 minis
292 1303 349 1364 lroo
370 1302 493 1380 amplius
514 1300 660 1361 aestimari
681 1300 777 1378 iubet,
813 1296 871 1379 qu'o
891 1312 978 1380 pacto
1000 1305 1119 1364 niteant.
1155 1305 1188 1363 iu

191 1390 283 1449 bona
309 1388 401 1462 enim,
422 1387 527 1464 inquit,
548 1386 703 1462 regione
730 1384 823 1446 bene
847 1387 976 1447 nitent.
1007 1388 1112 1448 Atilius
1130 1387 1186 1448 lle·

187 1472 275 1551 guqu
292 1469 344 1530 ille
365 1470 474 1530 Punico
493 1469 574 1530 bello
594 1469 641 1528 bis
665 1469 766 1529 consul
787 1469 883 1531 aiebat
903 1489 999 1550 neque
1016 1472 1187 1532 fecundissi-

190 1558 242 1616 mis
263 1556 337 1616 locis
356 1554 531 1614 insalubrem
550 1571 650 1630 agrum
677 1554 850 1631 parandum,
877 1573 972 1634 noque
993 1555 1089 1617 edetis
1112 1557 1224 1616 salu-1⁵

190 1641 353 1701 berrimum.
387 1637 547 1698 Salubritas
562 1637 621 1696 loci
635 1653 692 1696 non
708 1655 824 1716 semper
843 1640 1002 1700 incolarum
1019 1640 1120 1700 colore
1137 1640 1186 1700 de·
1262 1699 1263 1707 ,

190 1726 307 1802 tegitur,
324 1723 456 1801 quoniam
471 1722 582 1782 adsueti
599 1720 683 1780 etiam
697 1721 942 1800 iupestilentibus
957 1724 1068 1784 durant.
1103 1742 1186 1803 prae·
1262 1723 1263 1770 ἶ

191 1820 271 1870 terea
291 1815 355 1867 suut
370 1806 509 1883 quaedam
525 1803 708 1884 quidusdam
729 1806 859 1883 partibus
875 1808 940 1866 anni
954 1808 1096 1884 salubria,
1118 1809 1188 1869 nilril

149 1902 288 1956 ussautcrn
304 1889 429 1950 salutare
445 1896 491 1948 est
510 1890 564 1948 uisi
588 1889 664 1967 quod
687 1899 749 1950 toto
771 1907 845 1950 auuo
868 1890 994 1952 salubre.
1032 1891 1124 1952 Malus
1143 1902 1189 1953 est

192 1992 262 2051 ager
280 1990 343 2034 cum
365 1988 421 2050 quo
440 1971 571 2032 dominus
588 1973 720 2034 luctatur.
763 1972 835 2034 Cato
858 1975 932 2035 inter
947 1977 1037 2054 prima
1061 1979 1187 2055 spectari
1197 2001 1226 2042 ao

85 2077 90 2084 ·
150 2056 290 2117 rrmiubet
305 2065 335 2115 ut
357 2055 450 2115 solum
472 2073 522 2116 sua
540 2057 644 2116 virtute
662 2057 758 2132 valeat
772 2075 829 2135 qua
846 2058 952 2120 diotrrm
971 2069 1017 2119 est
1031 2061 1188 2138 positione,

192 2150 223 2201 ut
245 2141 448 2219 operariorum
474 2140 558 2219 copia
587 2157 681 2220 prope
709 2143 746 2200 sit
772 2142 966 2220 oppidumque
990 2144 1130 2221 validum,
1158 2155 1190 2205 ut

191 2225 369 2302 navigiorum
384 2232 503 2286 evectus
518 2223 568 2282 vel
590 2225 738 2301 itinerum,
761 2233 792 2285 ut
811 2225 886 2286 bene
901 2226 1070 2288 aedificatus
1085 2239 1113 2289 et
1127 2230 1188 2289 oul-
1261 2247 1262 2318 p

167 2319 253 2384 tus,
276 2311 305 2368 iu
326 2325 383 2385 quo
410 2307 470 2368 falli
495 2306 655 2384 plerosque
679 2308 776 2368 rideo.
811 2311 962 2386 segnitiem
986 2314 1062 2371 enim
1081 2315 1189 2391 prioris
1261 2325 1262 2390 t

191 2393 297 2454 domini
317 2408 372 2468 pro
389 2398 521 2469 emptore
537 2407 605 2449 esse
624 2389 805 2452 arbitrantur.
819 2394 898 2454 nihil
919 2403 972 2454 est.
999 2395 1102 2456 damno
1122 2399 1225 2460 elusos
1261 2403 1262 2426 ¹

191 2477 324 2535 desertus
338 2491 419 2550 ager.
448 2473 545 2551 itaque
561 2469 633 2533 cato
648 2473 776 2536 debono
794 2477 908 2538 domiuo
924 2478 1027 2539 melius
1042 2482 1108 2557 erui,
1131 2501 1188 2542 uec

191 2567 300 2618 temere
322 2556 557 2616 contemnendam
578 2555 699 2618 alienam
715 2558 909 2639 disciplinam,
938 2580 1068 2642 agroque
1085 2575 1115 2626 ut
1134 2566 1187 2626 ho·

190 2642 272 2716 mini,
296 2641 423 2718 quamvis
436 2649 628 2719 quaestuosus
643 2641 696 2716 sit,
718 2643 743 2700 si
757 2653 852 2704 tamen
867 2655 895 2706 et
910 2657 1107 2727 sumptuosus,
1128 2667 1189 2710 nou

146 2733 183 2788 29
194 2725 309 2786 multum
326 2741 493 2802 superesse.
527 2724 577 2784 ille
595 2724 622 2782 in
638 2741 710 2801 agro
725 2730 1007 2804 quaestuosissimam
1023 2732 1130 2794 iudicat
1144 2731 1188 2793 ui·

190 2819 295 2870 tem-
306 2824 363 2868 non
380 2808 502 2884 frustra,
520 2808 652 2891 quoniam
668 2819 734 2869 aute
753 2812 845 2870 omnia
861 2812 898 2872 de
912 2815 1052 2892 inpensae
1072 2819 1188 2878 ratione
1200 2833 1227 2874 ao

191 2894 267 2954 cavit
279 2925 331 2967 -,
354 2909 493 2970 proxume
513 2890 614 2950 hortos
627 2893 726 2969 riguos
744 2927 786 2940 «-
800 2911 858 2954 nec
872 2897 900 2956 id
916 2897 1002 2974 lalso,
1020 2901 1044 2960 si
1061 2900 1115 2962 suh
1135 2919 1189 2982 op·

190 2975 258 3054 pido
274 2977 330 3036 siut
345 3009 401 3051 -·-,
424 2984 453 3034 et
475 2984 556 3053 prata
571 2977 678 3054 antiqui
695 2985 793 3056 paratu
811 2978 930 3057 dixere,
958 2982 1094 3062 idemque
1112 2983 1189 3047 Cato
1260 3037 1261 3044 ,

190 3061 397 3137 interrogatus,
427 3060 490 3137 quis
511 3068 593 3120 esset
622 3059 799 3121 certissimus
829 3073 982 3142 quaestus,
1013 3071 1188 3147 respoudit:
1260 3083 1261 3108 ³

146 3144 221 3205 eosi
243 3143 336 3203 boue
358 3159 507 3219 pascas,
539 3144 587 3221 qui
603 3141 780 3221 proxumus?
808 3147 839 3205 si
859 3156 915 3206 sat
933 3147 1034 3210 bene.
1068 3153 1191 3216 Summa
1260 3149 1261 3154 ’

191 3227 312 3302 omnium
325 3228 353 3285 iu
369 3225 425 3286 lroo
441 3225 599 3304 spectando
612 3226 666 3286 luit
679 3237 710 3286 ut
729 3227 839 3290 lruotus
852 3230 876 3289 is
893 3249 1024 3295 muume
1041 3237 1188 3315 probare·
1200 3255 1228 3298 as

189 3317 235 3367 tur
249 3311 297 3387 qui
312 3325 394 3386 quam
409 3308 531 3369 miuumo
547 3310 682 3388 inpendio
698 3321 879 3374 constaturus
892 3327 981 3378 esset
1011 3318 1069 3380 lroo
1084 3339 1125 3381 ex
1141 3322 1189 3383 lo·

192 3408 290 3452 corum
307 3394 461 3454 occasione
478 3392 562 3454 aliter
577 3393 645 3454 alibi
660 3393 840 3473 decernitur,
868 3401 1031 3482 eodemque
1053 3407 1192 3482 pertinet

144 3485 180 3539 31
192 3477 267 3554 quod
295 3478 450 3554 agricolam
471 3477 630 3538 vendacem
656 3497 724 3540 esse
744 3479 881 3560 oportere
899 3486 977 3548 dixit.
1017 3487 1138 3550 fundum
1158 3493 1192 3552 in
