2512 3858
187 183 227 244 26
491 191 628 240 curum
641 189 789 240 succum
908 151 911 154 ⁵

63 372 66 376 ·
184 347 242 405 boc
269 345 341 404 alias
367 343 498 420 fastidio,
520 343 590 406 alias
616 344 807 419 contumacia,
834 344 950 424 saepius
972 343 1166 406 imbecillitate

184 444 283 486 eorum
301 445 375 506 quae
387 428 594 488 transferantur
609 428 721 505 evenit,
736 427 807 488 alias
822 427 906 488 caelo
920 428 1080 505 invidente,
1096 428 1166 488 alias

184 510 247 569 solo
262 521 451 588 repugnante.

141 601 191 656 135
264 593 347 672 (59.)
367 593 486 654 Fastidit
501 591 658 652 balsamum
673 591 740 653 alibi
754 593 843 670 nasci,
859 603 924 654 nata
942 592 1062 669 Assyria
1075 592 1165 652 malus

183 675 251 736 alibi
266 675 362 751 ierne,
386 694 442 735 nec
456 690 512 733 non
527 683 557 734 et
570 675 665 752 palma
684 675 789 754 ubique
809 677 889 736 nasci
910 686 1040 737 aut‘nata
1062 689 1188 755 pareret
1243 709 1244 712 =

182 759 241 835 vel,
259 775 321 819 cum
331 759 461 836 promisit
475 757 560 816 etiam
575 758 766 836 ostenditque,
777 759 913 834 educare,
924 769 1065 837 tamquam
1080 759 1167 820 invita

181 843 341 922 pepererit.
374 857 431 901 nou
451 839 539 899 babet
557 840 626 900 viris
647 840 744 900 frutex
762 842 881 901 cinnami
902 843 929 900 in
950 843 1053 916 Syriae
1072 843 1186 905 vicina.

182 923 378 1005 perveniendi.
410 939 467 982 non
480 922 574 982 ierunt
588 927 690 983 amomi
704 923 841 1004 nardique
855 923 988 1000 deliciae,
1003 940 1040 985 ne
1055 925 1083 982 in
1093 923 1167 1006 Ara-

183 1009 257 1070 biam
266 1009 387 1086 quidem,
405 1025 442 1065 en
451 1005 529 1066 ludia
544 1015 574 1065 et
587 1024 661 1067 nave
671 1008 860 1085 peregrinari.
875 1007 1022 1086 temptavit
1032 1009 1166 1068 enimse-

142 1103 192 1157 136
203 1093 302 1152 leucus
316 1107 377 1148 rex.
404 1085 479 1148 lllud
494 1106 624 1150 maxume
638 1091 748 1165 mirum,
760 1092 838 1169 ipsas
853 1090 1024 1169 plerumque
1043 1089 1198 1152 arboream

183 1174 298 1234 exorari
322 1181 351 1232 ut
369 1173 466 1232 vivant
487 1181 573 1250 atque
598 1175 814 1250 transmigrent,
840 1173 992 1252 aliquando
1015 1182 1044 1233 et
1063 1190 1080 1233 a
1099 1175 1166 1235 solo

181 1257 327 1334 impetrari
348 1264 378 1314 ut
399 1255 508 1315 alienas
529 1255 586 1316 alat
607 1257 791 1335 advenasque
812 1259 931 1332 nutriat,
950 1256 1065 1317 ¹caelum
1085 1258 1165 1318 nullo

76 1399 97 1426 ρ
180 1338 266 1398 modo
281 1338 368 1401 flecti.
400 1339 470 1398 vivit
490 1338 519 1397 in
533 1337 614 1398 ltalia
634 1341 743 1418 piperis
757 1340 861 1416 arbor,
882 1341 978 1401 casiae
993 1358 1065 1401 vero
1080 1341 1166 1401 etiam

180 1424 209 1482 in
226 1421 442 1498 septentrionali
464 1421 567 1499 plaga,
584 1423 653 1482 vixit
668 1425 696 1484 in
710 1422 799 1499 Lydia
820 1425 908 1500 turis,
929 1424 981 1484 sed
1005 1423 1079 1484 uude
1093 1442 1164 1485 sor·

180 1504 282 1563 bentes
306 1522 403 1564 sucum
428 1521 540 1565 omnem
561 1523 599 1565 en
618 1506 653 1565 iis
674 1507 755 1568 solea
772 1517 968 1586 coquentesve
997 1505 1197 1568 lacrimcmirs

138 1593 188 1650 ret
199 1587 268 1646 illud
283 1604 422 1667 proxume
433 1589 654 1664 mirum,muturi
668 1599 795 1650 naturam
808 1592 837 1650 in
850 1590 950 1652 iisdem
965 1599 1052 1669 atque
1066 1592 1162 1671 inpro-

179 1672 242 1730 viso
259 1671 369 1731 valere.
400 1671 517 1732 cedrum
533 1673 675 1734 aestuosis
691 1673 819 1750 partibus
836 1674 964 1749 dederat,
980 1683 1009 1734 et
1024 1675 1053 1734 iu
1066 1673 1163 1749 Lyciis

179 1753 368 1832 Phrygiisque
377 1754 663 1816 montibusuascitar.
689 1756 778 1833 frigus
790 1757 930 1818 inimicum
943 1757 1023 1816 lauro
1035 1757 1161 1834 iecerat,

179 1838 274 1898 sedin
292 1837 415 1914 Olympo
432 1838 578 1915 copiosior
592 1838 669 1900 nulla
685 1848 740 1899 est.
771 1840 847 1900 circa
864 1839 1022 1919 Bosporum
1038 1838 1161 1901 Cimme-

105 1958 107 1962 -
177 1921 249 1980 rium
266 1921 295 1980 in
315 1919 506 1998 Panticapaeo
531 1919 601 1979 urbe
621 1923 695 1981 omui
716 1922 802 1982 modo
822 1922 962 1986 laboravit
984 1921 1197 1984 Mithridatesac

178 2020 231 2062 reu
241 2011 270 2062 et
285 2003 375 2062 ceteri
388 2002 501 2064 incolae
512 2020 659 2064 sacrorum
672 2015 753 2066 certe
764 2023 851 2066 causa
863 2006 971 2066 laurum
982 2015 1163 2084 myrtumque

150 2143 152 2150 ,
178 2083 296 2147 babere.
328 2103 386 2146 noo
400 2086 528 2163 contigit,
545 2104 608 2147 cum
621 2089 731 2166 teporis
748 2089 870 2150 arbores
885 2089 1027 2149 abundent
1041 2088 1091 2162 ibi,
1107 2107 1161 2166 pu-

137 2169 280 2229 latiniore
296 2168 411 2246 licique,
428 2170 483 2230 iam
496 2170 562 2230 mali
573 2179 601 2230 et
615 2172 670 2249 piri
680 2171 900 2232 laudatissimae.
929 2170 1046 2246 lrigidas
1056 2171 1163 2232 eodem

177 2259 269 2312 tractu
282 2269 340 2311 non
356 2255 454 2328 genuit
468 2252 600 2328 arbores,
620 2255 725 2333 pinum,
741 2254 874 2327 abietem,
892 2253 1013 2330 piceam.
1046 2256 1163 2331 etquid

178 2336 276 2395 attinet
293 2336 321 2393 in
333 2334 452 2394 Pontum
467 2333 568 2396 abire?
596 2337 673 2394 iuxta
688 2336 806 2395 Romam
825 2335 916 2413 ipsam
936 2343 1087 2396 castaneae
1109 2356 1196 2400 cce-2⁵

176 2419 291 2493 rasique
305 2434 395 2492 aegre
409 2417 594 2494 proveniunt,
616 2419 729 2494 persica
750 2419 778 2476 in
792 2417 968 2492 Tusculano,
989 2437 1053 2479 nam
1067 2438 1166 2492 nuces,

178 2498 308 2558 Graecae
337 2515 399 2559 cum
428 2498 523 2558 taedio
552 2499 712 2560 inseruntur
736 2501 890 2562 Tarracina
917 2501 998 2562 silvis
1026 2512 1161 2567 scatente

177 2597 282 2642 aarum.

136 2671 185 2726 130
252 2662 303 2726 33.
326 2663 408 2742 (60.)
439 2662 601 2741 (depressus
621 2663 731 2726 advena
745 2675 776 2727 et
794 2666 960 2730 difficillime
980 2670 1160 2730 nasccntium

175 2745 237 2821 iuit,
253 2756 282 2805 ut
298 2747 334 2807 de
353 2764 407 2824 qua
423 2747 573 2808 verbosius
589 2748 762 2828 saepiusque
784 2767 868 2829 quam
887 2751 923 2811 de
941 2752 1071 2812 omuibus
1091 2753 1195 2816 aliisae

176 2827 422 2906 prodideritllato,
439 2838 505 2890 natu
519 2847 645 2906 morosa,
660 2831 752 2892 fructu
762 2850 953 2910 supervacua,
968 2835 1048 2896 bacis
1061 2844 1159 2914 torva,

174 2911 245 2972 iolio
268 2929 377 2987 amara,
399 2912 489 2974 odone
508 2912 638 2974 violenta
655 2933 691 2975 ac
712 2934 749 2976 ne
766 2915 865 2975 umbra
887 2918 1000 2994 quidem
1015 2919 1157 2995 gratiosa,

174 2997 291 3054 materie
307 3012 388 3068 rara,
409 3003 440 3053 ut
460 3012 552 3074 paene
568 2997 697 3057 fruticosi
712 2999 848 3076 generis,
869 2998 929 3060 Diti
945 3018 1027 3061 sacra
1045 3009 1074 3062 et
1087 3001 1158 3064 ideo

134 3086 184 3142 140
194 3077 308 3138 funebri
322 3079 403 3154 signo
420 3077 455 3138 ad
469 3075 568 3140 domos
592 3082 695 3158 posita.
723 3081 827 3145 femina
847 3083 953 3144 sterilis
973 3083 1030 3142 diu.
1059 3093 1158 3146 metae

91 3217 94 3226 ,
174 3159 284 3220 demum
300 3161 438 3238 adspectu
454 3178 509 3221 non
522 3162 670 3240 repudiata
685 3163 889 3242 distinguendis
904 3174 1008 3225 tantum
1023 3167 1193 3244 pinorumac

173 3241 335 3318 ordinibus,
363 3261 436 3304 nune
459 3261 531 3310 uero
556 3247 668 3307 tonsilis
692 3246 769 3308 iacta
792 3249 821 3307 in
846 3245 986 3309 densitate
1013 3252 1155 3328 parietum

173 3326 357 3406 coercitaque
381 3327 540 3404 gracilitate
572 3337 712 3407 perpetuo
739 3339 837 3390 tenera
861 3330 979 3391 trabitur
1005 3333 1089 3392 etiarn
1123 3335 1156 3394 in

173 3407 299 3487 picturas
314 3411 411 3488 operis
426 3411 556 3490 topiarii,
573 3420 690 3473 venatus
706 3412 843 3476 classisve
862 3422 891 3474 et
905 3415 1041 3492 imagines
1054 3432 1155 3480 rerum
