2538 3864
226 207 228 214 ’
314 204 876 318 nan.²sa1sn.xx1.t-,9.(ao-ap.)'
1028 219 1087 286 241
1127 245 1138 318 J

61 369 63 374 ¹
96 367 271 462 mapiiestum
292 398 337 450 est
354 399 460 468 postea
481 389 665 468 placuisse.
670 377 824 448 adrasus
840 395 936 446 tamen
955 367 1091 466 repertos

97 479 156 557 quis
172 474 283 536 dubitet
299 491 356 534 non
372 473 456 534 aliter
471 473 553 534 ltalia
568 479 725 551 usurpante
740 471 854 540 nomina
869 469 1029 534 illorum?

156 572 239 651 (25.)
262 570 317 647 hs,
340 569 499 648 Hercules,
525 571 660 650 petilio
652 587 716 648 rpsa
739 581 844 630 nomeu
870 569 1010 649 inposuit,
1040 587 1087 630 au·
1098 581 1134 636 49

95 655 208 718 tumnali
229 653 366 734 circaque
388 657 487 734 vepris
507 655 637 715 nascenti
654 662 683 714 et
705 662 818 714 tanturn
832 645 933 728 colore
949 670 1091 714 commen·

77 741 179 815 tdato,
207 740 255 817 qui
270 747 315 798 est
329 756 416 799 rosae
437 739 587 800 siluestris.
619 738 691 808 iolla
714 755 820 817 parva,
849 739 953 816 quina,
980 740 1092 797 mirum·

34 875 40 882 ,
96 842 154 902 que
172 825 201 886 in
232 829 269 882 so
298 822 371 882 hore
400 823 508 884 inflecti
542 819 681 887 cacumen
711 831 742 882 et
762 821 853 882 nodis
888 822 994 881 intorto
1023 821 1094 882 folia

95 909 172 968 nasci
189 907 321 986 parvolo
347 907 450 982 calyce
480 925 524 968 ac
540 906 715 967 versicolori
731 906 848 966 luteam
875 922 975 965 semea
1003 905 1112 976 iuclu-¹

96 992 198 1052 dandas
231 989 311 1051 luteo
330 999 373 1051 “et
392 991 481 1052 bellio
503 989 741 1070 pastillicantibus
763 990 971 1068 quinquagenis
1001 990 1093 1068 quinis

95 1073 222 1135 barbulis
237 1073 401 1135 cernuatus.
431 1083 584 1174 pratenses
599 1074 627 1134 hi
643 1075 732 1135 liores
747 1091 782 1134 ao
802 1075 864 1134 siue
888 1091 940 1132 usu
959 1072 1094 1152 plerique

61 1159 205 1223 roetideo
223 1161 287 1218 sine
310 1157 481 1218 nominibus.
516 1159 582 1237 quin
600 1167 629 1218 et
652 1158 729 1219 h'is
720 1159 800 1237 apsis
810 1157 869 1218 alia
887 1157 935 1217 alii
951 1157 1094 1217 uocabula

95 1244 243 1321 inponunt.

157 1339 248 1419 (26.)
267 1337 465 1416 chrysocome
481 1341 544 1398 sive
568 1338 701 1428 chrysitis
720 1285 881 1402 nonhabet
897 1337 1023 1399 Latinam
1041 1315 1090 1418 ap
1102 1348 1158 1404 50¹
1187 1325 1190 1337 ’

93 1424 290 1502 pollutionem
320 1423 408 1502 palmi
435 1423 583 1484 altitudine
608 1432 671 1499 est,
681 1415 874 1483 comantibus
896 1423 1011 1500 fulgore
1034 1425 1094 1484 auri
1178 1459 1179 1468 ι

96 1506 256 1603 corymbis,
280 1507 380 1568 radice
396 1509 495 1585 nigra,
526 1525 564 1566 ex
578 1505 694 1587 austero
714 1506 807 1610 dulci,
822 1507 862 1565 in
882 1508 1008 1585 petrosis
1024 1524 1092 1586 opo·

59 1591 343 1688 accisquenascens.
388 1595 391 1604 ‘

157 1689 186 1748 9.
212 1687 295 1766 (27.)
317 1687 356 1747 ιιι
371 1689 434 1748 iera
454 1691 582 1768 peractis
603 1689 733 1751 colorum
748 1707 863 1771 quoque
880 1689 1090 1767 celeberrimis,
1102 1702 1135 1756 51

72 1773 197 1834 transit
221 1773 294 1844 ratio
320 1769 355 1832 ad
380 1789 431 1833 eas
460 1787 583 1835 coronas
606 1791 696 1853 quae
711 1775 851 1852 varietate
877 1771 943 1835 sola
966 1774 1092 1852 placent.
1137 1781 1142 1791 ‘

94 1858 151 1918 duo
168 1873 266 1917 earum
285 1873 412 1934 genera,
435 1855 547 1956 ιιιιιιιιιιιι
564 1856 638 1917 aliae
653 1857 725 1917 ilore
742 1849 890 1931 coustant,
917 1856 989 1916 aliae
1010 1855 1091 1918 folio.

95 1941 198 2001 dorem
214 1957 282 2000 esso
296 1941 417 2000 dixerim
433 1941 618 2018 genistas-
634 1959 756 2021 namque
774 1950 802 2001 et
821 1943 855 2000 iis
865 1901 1036 2019 decerpitur
1051 1942 1092 2002 ιιι-

54 2041 87 2084 zu
98 2034 221 2100 teus-a,
231 2024 300 2091 item
315 2022 548 2099 rhododendron,
562 2027 630 2085 item
643 2025 763 2104 zizipha,
777 2043 852 2104 quae
867 2027 896 2084 et
908 2021 1094 2124 Cappadocia

95 2117 246 2168 vocantur.
267 2106 312 2167 his
328 2107 475 2184 odoratus,
491 2109 647 2187 similisque
663 2108 791 2169 olearum
805 2099 964 2170 ilorlbus.
955 2127 984 2167 ιιι
997 2109 1092 2188 vepri-

94 2193 151 2252 bus
171 2191 297 2254 naseitur
317 2191 520 2267 cyclaminum,
548 2192 584 2252 de
610 2209 666 2269 quo
687 2193 769 2271 plura
796 2191 877 2252 alias
911 2190 984 2250 ilos
994 2192 1111 2278 eius²⁵
1100 2189 1135 2228 ¹¹⁴

94 2275 285 2342 colossinus*
277 2294 305 2334 m
320 2292 443 2335 coronas
461 2276 623 2336 admittitur.

159 2373 242 2452 (28.)
264 2373 349 2436 llolio
368 2369 562 2436 coronantium
578 2373 696 2434 milaces
711 2382 741 2433 et
754 2371 891 2447 hederae,
905 2373 1091 2453 corymbique
1100 2386 1136 2440 tt

49 2472 197 2522 casarum
223 2459 353 2538 optinent
378 2458 582 2536 principatum,
617 2458 652 2519 de
682 2456 817 2534 quibus'
809 2475 837 2516 ιιι
865 2456 1001 2518 druticum
1027 2459 1094 2517 loco

97 2527 351 2604 abuudediximus
367 2541 439 2602 Sunt
451 2551 480 2602 et
494 2541 550 2601 alia
562 2559 671 2619 genera
685 2540 845 2602 nominibus
854 2540 972 2605 Graecis
984 2541 1054 2601 indi·
1064 2541 1111 2627 (ᾗ
1102 2538 1137 2574 ¹⁴⁴

9 2661 11 2666 -
97 2620 207 2699 canda,
236 2625 302 2702 quia
326 2625 433 2685 uostris
452 2625 570 2686 maiore
587 2643 625 2684 ex
651 2619 732 2722 parte
758 2625 841 2686 huius
861 2591 1111 2686 nomenclaturae

94 2706 342 2768 deformasset
366 2699 507 2787 pleraque
534 2724 633 2767 eorum
655 2709 683 2765 iu
698 2711 807 2778 exteris
828 2709 913 2767 terris
930 2717 1094 2786 nascuntur,
1134 2735 1136 2756 ι

96 2789 184 2849 nobis
199 2799 294 2852 tamen
311 2791 521 2867 consectanda,
544 2791 676 2869 quoniam
691 2790 727 2850 de
741 2802 838 2863 natura
851 2808 964 2867 sermo,
986 2810 1043 2852 aon
1059 2792 1094 2851 de

48 2873 183 2951 coitalia
201 2883 256 2934 est

165 2971 250 3049 (29.)
274 2969 381 3048 Ergo
373 2989 401 3031 m
422 2980 626 3032 coronamenta
643 2971 714 3031 iolio
730 2988 839 3036 venere
854 2897 1015 3046 mulctrum,
1033 2973 1090 3051 spi·
1080 2979 1137 3034 -53

97 3072 187 3128 raca,
214 3057 377 3132 origanum,
404 3072 555 3131 cneorum,
580 3054 657 3134 qaod
686 3057 790 3116 casiam
810 3053 938 3131 Hyginus
961 3063 1047 3115 vocat
1067 3064 1096 3115 et

100 3137 181 3217 quod
200 3139 406 3219 cunilaginem,
430 3156 555 3214 conyza,
581 3137 821 3218 melissophyllum
835 3138 913 3217 quod
931 3138 1105 3236 apiastrum„

97 3221 253 3282 meliloton
276 3222 353 3300 quod
375 3221 510 3284 sertulam
531 3217 702 3300 Campanam
727 3239 874 3282 vocamus.
893 3231 949 3284 est
974 3223 1097 3282 enimin

42 3322 85 3366 :tc
101 3303 258 3383 Campania
272 3304 372 3365 Italiae
387 3305 593 3381 laudatissima,
621 3303 762 3368 Graecis
755 3325 783 3364 ιιι
798 3306 902 3382 Sunio,
929 3324 996 3366 mox
1012 3303 1096 3366 Ghal·

68 3461 69 3466 ,
100 3389 196 3449 cidica
223 3397 251 3448 et
275 3386 404 3464 Cretica,
427 3388 597 3468 ubicumque
623 3405 700 3458 vero
722 3391 834 3468 asperis
861 3398 890 3448 et
914 3389 1096 3450 silvestribus

95 3481 179 3532 nata.
211 3469 342 3532 Coronas
358 3490 395 3532 ez
416 3489 451 3532 ea
469 3473 620 3551 antiquitus
642 3472 784 3534 factitatas
803 3472 906 3533 iudicio
928 3482 974 3533 est
994 3491 1096 3533 nomeu
1171 3498 1175 3524 ι

154 3560 446 3649 mmmm
850 3557 937 3636 ,Μ
