2552 3866
339 203 420 250 nur.
442 201 533 251 mss.
555 204 668 250 xvsrn.
693 172 780 254 1-sJ
791 190 831 275 (1.
847 192 888 276 a.)
1041 179 1100 256 157

96 361 183 420 lintea
197 365 279 424 ueste
297 375 354 426 non
364 358 414 416 uti.
443 357 473 416 in
487 356 638 418 Germania
653 366 745 419 autem
757 358 866 420 defossi
878 369 963 440 atque
978 363 1029 422 sub
1045 372 1100 424 ter·
1112 374 1129 430 9

95 461 129 504 ra
144 442 172 502 id
189 459 263 520 opus
278 450 376 518 egunt.
396 440 531 501 *similiter
545 443 630 508 etium
643 443 671 501 iu
684 441 767 502 ltalia
780 445 903 519 regione
915 445 1016 506 Aliana
1027 449 1101 508 inter

96 527 202 588 Padum
215 525 401 604 Ticinumque
416 527 521 602 amnis,
543 526 591 585 ubi
606 543 622 584 a
637 525 754 585 Saetabi
768 528 851 586 tertia
867 527 895 585 in
908 527 1025 608 Europa
1041 531 1099 592 lino

97 611 209 690 palma,
227 608 380 678 secundam
396 611 514 668 enimin
536 609 631 668 vicino
651 609 762 668 Alianis
784 619 939 687 capessunt
959 612 1101 674 Retouina

68 704 124 755 tet
141 696 170 756 in
184 693 308 753 Aemilia
322 695 368 752 via
385 692 552 752 Fauentina.
587 692 713 752 candore
736 692 847 752 Alianis
868 711 985 774 semper
1008 695 1102 758 erudis

94 779 253 840 Fauentina
268 776 477 854 praeferuntur,
490 777 640 836 Retovinis
654 777 778 835 tenuitas
788 795 895 838 summa
906 776 1099 859 densitasque,

1 911 2 919 ,
97 861 205 922 candor
219 861 267 939 qui
282 858 455 936 Ferentinis,
473 858 525 918 sed
540 859 647 936 lanugo
663 860 755 936 nulla,
770 860 846 938 quod
862 862 937 940 apud
953 863 1026 923 alios
1037 881 1101 940 gra·

1 973 2 1016 t
95 949 179 1021 tiam,
195 943 271 1024 apud
287 944 361 1002 alios
376 943 566 1003 offensionem
581 943 678 1004 babet.
708 947 872 1004 nervositas
888 946 941 1006 iilo·
953 948 1101 1026 aequalior

1 1025 2 1046 ¹
95 1046 190 1108 paene
214 1045 298 1105 quam
319 1027 433 1088 araneis
451 1027 641 1105 tinnitusque,
670 1043 733 1086 cum
754 1033 839 1088 dente
860 1029 949 1089 libeat
965 1034 1100 1109 experiri.

58 1129 84 1172 so
95 1113 161 1174 idea
178 1111 285 1191 duplex
296 1129 390 1190 »quam
402 1112 508 1170 ceteris
524 1113 655 1189 pretium.
685 1111 725 1190 [tl
750 1111 787 1172 bt
803 1111 838 1172 ab
858 1113 1163 1194 bisllispaniaci·10'

94 1199 184 1270 terior
197 1195 286 1256 babet
299 1195 483 1274 splendorem
498 1194 548 1255 lini
564 1196 749 1274 praecipuum
768 1199 903 1257 torrentis
923 1201 952 1256 in
974 1216 1029 1278 quo
1052 1216 1101 1278 po·

94 1282 160 1341 litun
177 1289 292 1356 natura,
310 1280 359 1357 qui
374 1278 461 1339 adluit
476 1278 678 1339 Tarraconem.
710 1288 740 1339 et
759 1281 880 1341 tenuitas
901 1283 972 1342 mira
993 1283 1031 1342 ibi
1046 1285 1101 1361 pri·

93 1381 168 1424 mum
180 1364 309 1425 carbasis
323 1365 458 1442 repertis.
482 1381 541 1422 non
563 1363 665 1424 dudum
688 1379 726 1422 ex
744 1363 844 1423 eadem
858 1365 994 1445 Hispania
1008 1367 1101 1426 Zocli-

96 1465 159 1508 oum
172 1450 251 1508 veuit
264 1449 292 1506 in
303 1446 413 1508 ltaliam
426 1447 522 1526 plagis
535 1448 721 1523 utilissimum,
734 1449 835 1509 civitas
846 1467 884 1510 ea
894 1450 1056 1510 Gallaeciae
1074 1459 1102 1509 et

60 1547 85 1590 aa
97 1549 208 1592 oceano
225 1534 396 1611 propinqua.
428 1541 473 1591 est
484 1531 535 1591 sua
550 1531 644 1608 gloria
658 1540 693 1590 et
703 1530 830 1592 Cumano
848 1535 876 1592 in
895 1533 1049 1611 Campania
1067 1534 1102 1594 ad

1 1649 2 1652 =
95 1617 216 1696 piscium
232 1623 263 1674 et
275 1615 372 1674 alitum
393 1624 549 1692 capturam.
578 1614 679 1674 eadem
700 1624 729 1674 et
745 1615 841 1692 plagis
857 1619 983 1676 materia.
1009 1631 1143 1694 nequell

95 1700 171 1759 euim
187 1698 314 1757 minores
331 1699 441 1756 cunctis
461 1698 627 1758 animalibus
646 1697 764 1757 insidias
782 1715 865 1775 quam
889 1695 1101 1776 nobismetipsis

94 1784 154 1844 lino
168 1780 318 1842 tendimus.
345 1780 396 1840 sed
412 1779 554 1842 Cumanae
569 1781 674 1861 plagae
690 1781 841 1842 concidunt
853 1790 981 1861 aproset
991 1781 1102 1842 'luscae

96 1867 144 1926 vel
162 1865 232 1925 ierri
261 1865 353 1924 aciem
369 1865 504 1940 vineunt,
527 1865 706 1944 vidimusque
726 1866 781 1926 iam
803 1875 897 1926 tautae
914 1867 1057 1926 tenuitatis
1074 1874 1103 1925 ut

61 1966 88 2008 ao
97 1949 210 2010 anulum
221 1947 342 2009 hominis
355 1966 418 2010 oum
430 1948 585 2027 epidromis
596 1952 749 2009 transir'ent
761 1967 816 2010 uno
829 1959 965 2030 'portante
982 1949 1102 2010 multitu·

97 2035 192 2095 dinem
203 2051 259 2114 qua
270 2029 668 2108 saltus'cingereutur-nec
681 2033 709 2092 id
721 2051 849 2095 maxume
861 2036 969 2111 mirum,
981 2034 1033 2093 sed
1045 2035 1100 2093 siu·

97 2119 165 2197 gula
176 2135 274 2178 earum
286 2117 406 2176 stamina
419 2126 541 2176 centeno
554 2118 755 2195 quinquageno
768 2118 817 2177 iilo
827 2127 1017 2194 constare-,
1029 2121 1113 2188 siout

1 2237 3 2244 ·
99 2203 184 2282 paulo
197 2200 429 2278 anteluliolupo
442 2202 489 2277 qui
500 2203 529 2259 in
540 2201 724 2279 praefectura
733 2200 861 2278 Aegypti
873 2200 951 2260 obiit.
967 2203 1103 2261 mirentur
1112 2213 1144 2265 lt
1182 2238 1190 2250 -

1 2325 2 2330 κ
98 2287 154 2347 boo
163 2289 332 2363 ignorantes
344 2287 372 2344 iu
382 2283 520 2363 Aegyptii
533 2284 674 2363 quondam
685 2287 765 2361 regis
774 2301 857 2362 ouem
864 2284 989 2344 Amasim
999 2293 1102 2342 vocant

60 2389 88 2430 2⁵
98 2371 218 2432 thorace
230 2371 258 2428 in
266 2368 443 2430 Rhodiorum
453 2369 545 2429 insula
554 2368 636 2428 lindi
652 2369 680 2427 in
692 2369 799 2448 templo
811 2368 957 2428 blinervae
970 2379 1102 2428 ccccxv

99 2455 155 2515 iilis
174 2454 286 2530 singula
303 2453 351 2513 iila
374 2459 524 2529 constare,
543 2453 665 2532 quodee
684 2462 833 2532 expertum
854 2453 1015 2531 nuperrime
1037 2467 1102 2528 pro-

99 2537 168 2598 didit
182 2537 329 2597 lllucianus
340 2545 385 2595 ter
395 2537 512 2612 consul,
530 2553 693 2616 parvasque
711 2537 766 2597 iam
782 2537 919 2616 reliquias
931 2537 993 2594 eius
1004 2550 1102 2612 super·

99 2639 168 2682 esse
180 2621 234 2681 bac
250 2620 457 2698 experientium
469 2621 579 2679 iniuria.
604 2620 685 2687 ltalia
698 2630 727 2680 et
737 2620 864 2697 Peliguis
878 2623 1027 2680 etiamnum
1039 2619 1104 2678 linis
1113 2625 1146 2680 13

99 2707 240 2766 honorem
251 2701 347 2779 babet,
365 2704 417 2763 sed
428 2703 566 2762 lullonum
579 2713 686 2764 tantum
699 2704 728 2763 in
739 2723 801 2764 usu.
836 2703 942 2764 nullum
954 2711 998 2763 est
1010 2701 1103 2761 candi-

63 2809 91 2852 ao
102 2790 164 2850 dius
181 2789 302 2848 lanaeve
318 2784 446 2864 similius,
462 2787 536 2847 sicut
546 2788 575 2846 in
587 2788 699 2849 culcitis
719 2789 901 2865 praecipuam
917 2787 1040 2865 gloriam
1051 2783 1103 2844 (la-

100 2873 181 2934 durei
195 2873 335 2950 optinent.
354 2870 507 2932 Galliarum
518 2871 575 2931 boc
587 2879 616 2930 et
627 2879 752 2930 tomenta
764 2872 871 2948 pariter
882 2871 1034 2929 inventum.
1051 2868 1103 2926 lta·

100 2957 158 3018 liae
175 2955 289 3035 quidem
309 2973 374 3016 mos
392 2957 477 3016 etiam
495 2972 570 3015 nunc
587 2954 668 3014 durat
691 2955 718 3014 in
736 2953 932 3033 appellatione
950 2951 1103 3012 stramenti.
1175 3021 1177 3026 ,

103 3041 144 3121 [31
160 3040 308 3118 Aegyptio
327 3039 386 3100 liuo
400 3036 549 3100 minumum
557 3039 703 3115 firmitatis,
714 3037 960 3115 plurumumluori.
973 3042 1147 3113 quattuorue

1 3164 3 3172 ν
101 3125 270 3201 ibigenera:
282 3123 441 3184 'l'auitioum
451 3140 485 3182 ac
499 3123 688 3198 Pelusiacum,
699 3121 835 3198 Buticum,
845 3119 1049 3194 Tentyritioum
1060 3135 1104 3176 ne-

68 3209 220 3286 sagionum
229 3207 388 3268 nominibus
399 3208 427 3266 in
435 3206 536 3284 quibus
546 3214 709 3266 nuscuntur.
720 3207 853 3284 superior
862 3222 930 3284 pars
938 3201 1066 3280 Aegypti
1078 3203 1105 3262 in

101 3291 237 3353 Arabiam
250 3309 374 3366 vergens
385 3291 479 3368 piguit
494 3289 626 3354 fruticem
638 3303 722 3367 quem
734 3291 820 3368 aliqui
833 3289 984 3366 goseipiou
993 3293 1104 3362 vocant,

103 3376 202 3456 plures
214 3375 304 3450 xylon
316 3383 345 3434 et
355 3373 421 3434 ideo
433 3373 491 3433 lina
501 3373 566 3433 inde
578 3375 654 3434 iacta
666 3373 772 3447 xylina.
795 3389 904 3451 parvos
915 3380 961 3432 est
973 3371 1104 3430 similem·

101 3477 158 3538 que
170 3459 308 3521 barbatae
319 3458 400 3518 nucis
419 3457 513 3518 defert
529 3457 651 3518 iructum
669 3459 747 3517 cuius
763 3466 805 3517 ex·
816 3457 952 3516 interiore
964 3452 1105 3528 bombyce
