2552 3866
180 203 240 282 164
489 229 518 276 c.
533 229 627 275 anxur
643 227 792 276 sacuam

175 390 241 450 ioro
256 393 362 446 tantum
378 391 477 445 contra
493 383 678 442 invidentium
695 381 925 443 effascinationes
942 382 1030 442 dicari
1044 381 1168 449 videmus
1263 383 1264 440 ζ

175 476 205 533 in
220 469 349 532 remedio
365 470 489 542 satyrica
507 469 600 544 sigua,
616 483 785 545 quamquam
804 466 904 526 hortos
927 466 1034 526 tutelae
1048 467 1169 527 Veneris
1263 455 1264 480 ¹

177 556 345 632 adsignante
362 551 473 612 Plauto.
502 553 557 610 iarn
571 550 684 629 quidem
699 549 847 610 hortorum
861 553 976 610 nomine
987 551 1016 608 in
1025 551 1089 629 ipsa
1100 551 1168 610 urhe
1262 566 1263 623 l

43 665 47 686 ¹
135 653 167 705 51
177 639 296 700 delicias
305 652 399 713 agros
419 635 562 713 villasque
574 635 734 714 possident.
763 633 873 694 Primus
885 631 942 694 hoc
954 635 1072 693 instituit
1084 631 1168 694 Athe-

97 785 99 788 ,
175 725 219 783 nis
233 721 378 800 Epicurus
391 721 437 778 ⁴oti
457 721 603 796 magister.
640 736 732 796 usque
753 718 788 778 ad
811 721 981 778 eum-moris
1002 737 1058 777 uon
1080 719 1187 778 lucrata

176 809 204 867 in
222 803 336 884 oppidis
351 803 474 863 habitari
486 821 563 864 rura.
596 803 707 863 Romae
728 802 841 880 quidem
862 820 916 879 per
933 821 965 861 se
986 801 1085 862 hortus
1103 797 1170 878 a'ger

114 961 116 970 y
134 905 168 957 52
175 889 310 971 pauperis
323 895 393 948 erat.
412 888 452 965 [al
469 905 509 951 ex¹
519 886 719 966 hortoplebei
734 885 900 961 macellum,
916 895 1023 963 quanto
1039 887 1169 962 innocen·

177 977 252 1035 tiore
274 971 365 1030 victui
403 967 494 1048 mergi
515 973 606 1049 enim,
629 971 735 1047 credo,
762 972 791 1029 iu
812 969 952 1048 profunda
976 971 1063 1029 satius
1087 978 1172 1029 estet

14 1057 22 1078 ¹
124 1095 132 1109 ι
178 1067 337 1119 ostrearum
367 1061 477 1130 genart
506 1056 657 1132 naufragio
695 1055 820 1132 exquiri,
855 1055 917 1112 auis
952 1052 1024 1112 ultra
1062 1053 1171 1114 Phasim

177 1157 288 1214 amnem
301 1138 359 1218 peti
371 1145 400 1195 et
414 1135 547 1198 fabuloso
562 1140 675 1218 quidem
689 1145 898 1212 terroremue,
913 1137 997 1196 immo
1010 1139 1052 1196 sic
1067 1140 1170 1214 pretio·
1182 1153 1205 1192 m

178 1227 288 1299 siores,
316 1221 386 1281 alias
407 1223 436 1282 in
456 1219 612 1283 Numidiam
633 1232 718 1300 atque
739 1218 913 1297 Aethiopiae
937 1220 1106 1298 sepulchra,
1128 1229 1175 1280 aut

179 1323 310 1390 pugnare
330 1322 393 1364 cum
413 1304 483 1363 ieris
505 1303 654 1379 mandique
684 1306 843 1381 capientem
865 1303 941 1380 quod
960 1304 1073 1362 mandat
1093 1305 1173 1365 alius.

179 1402 217 1468 at,
234 1388 394 1462 licrcules,
409 1403 492 1462 quam
506 1384 573 1443 vilia
589 1383 676 1461 haec,
693 1404 777 1463 quarn
792 1396 891 1463 parata
907 1388 1047 1464 voluptati
1062 1391 1174 1446 satieta-

137 1487 172 1540 53
181 1479 270 1555 tique,
286 1473 339 1531 nisi
354 1468 454 1529 eadem
477 1484 550 1545 quae
568 1464 671 1543 ubique
693 1469 848 1544 indignatio
869 1469 1049 1529 occurreret!
1079 1470 1173 1528 leren-

179 1560 244 1620 dum
260 1574 328 1617 saue
343 1552 429 1612 fuerit
442 1550 583 1628 exquisita
597 1551 677 1609 nasci
690 1568 783 1628 poma,
798 1552 854 1612 alia
869 1571 984 1632 sapore,
1001 1551 1055 1612 alia
1066 1553 1173 1628 magni·
1185 1568 1211 1608 15

180 1643 295 1716 tudine,
314 1638 372 1698 alia
396 1644 543 1711 monstro,
564 1633 737 1713 pauperibus
757 1635 924 1714 interdicta,
938 1637 1093 1697 inveterari
1110 1638 1175 1695 vina

182 1725 333 1802 saccisque
350 1721 485 1796 castrari,
501 1737 557 1778 nec
573 1719 703 1795 cuiquam
722 1716 795 1778 adeo
816 1719 932 1798 longam
953 1739 1019 1780 esse
1040 1722 1126 1779 vitam
1145 1728 1176 1778 ut

180 1828 240 1871 non
254 1816 319 1868 ante
333 1823 365 1864 se
380 1807 477 1880 genita
492 1810 583 1881 potet,
600 1820 617 1860 e
632 1799 764 1877 frugibus
780 1819 893 1878 quoque
909 1805 1048 1883 quendam
1060 1803 1175 1864 halitum

181 1893 236 1953 sibi
251 1889 435 1963 excogitasse
452 1887 608 1960 luxuriam,
630 1903 664 1943 ac
685 1883 809 1944 medulla
832 1891 942 1946 tantum
958 1906 1055 1948 earum
1075 1900 1174 1966 super-

182 1992 238 2053 que
253 1971 433 2050 pistrinarum
448 1967 587 2045 operibus
602 1977 631 2027 et
649 1968 801 2028 caelaturis
816 1969 930 2044 vivere,
946 1972 1003 2032 alio
1019 1990 1092 2050 pane
1109 1989 1174 2050 pro·
1185 1990 1212 2030 20

183 2073 296 2130 cerum,
317 2053 374 2113 alio
393 2052 492 2130 ¹uolgi,
511 2061 555 2111 tot
574 2053 730 2128 generibus
752 2069 842 2130 usque
869 2051 904 2112 ad
921 2053 1041 2116 infimam
1060 2054 1177 2134 plebem

66 2140 70 2154 ¹
141 2148 176 2202 54
184 2137 378 2200 descendente
396 2154 516 2197 annona.
546 2137 668 2196 etiamne
692 2138 721 2196 in
742 2135 841 2194 herbis
861 2134 1015 2201 discrimen
1034 2141 1177 2199 inventum

184 2232 236 2299 est,
253 2239 384 2302 opesque
396 2220 583 2282 differentiam
593 2220 692 2280 fecere
704 2222 732 2278 in
742 2219 808 2279 cibo
820 2221 904 2280 etiarn
915 2236 971 2278 uuo
984 2237 1050 2278 asse
1059 2218 1177 2282 venali?

182 2309 211 2366 in
226 2306 271 2366 his
285 2323 400 2385 quoque
416 2305 509 2382 aliqua
526 2303 580 2362 sibi
596 2305 675 2364 nasci
691 2302 780 2362 tribas
797 2311 903 2380 negant
921 2301 1003 2362 caule
1024 2303 1053 2382 in
1073 2311 1177 2365 tantum

183 2391 312 2466 saginmo
332 2397 362 2447 ut
378 2389 513 2466 pauperis
527 2405 625 2446 mensa
640 2403 698 2445 non
710 2383 825 2464 capiat?
852 2387 993 2446 silvestris
1006 2387 1178 2448 lecerat‘na·
1189 2417 1216 2456 25

182 2482 244 2532 tura
261 2471 408 2546 corrudas,
425 2479 454 2528 ut
469 2471 575 2547 passim
591 2470 711 2547 quisque
724 2470 892 2529 demeteret.
922 2488 994 2529 ecce
1006 2469 1100 2529 altiles
1113 2487 1180 2548 spc-

184 2553 295 2614 ctantur
310 2554 456 2632 asparagi,
472 2562 501 2611 et
514 2554 651 2613 Ravenna
668 2562 767 2614 ternos
779 2553 861 2620 libris
872 2553 1012 2632 rependit.
1040 2553 1096 2612 heu
1109 2571 1180 2630 pro-

183 2637 259 2714 digia
274 2637 396 2697 ventris!
425 2639 524 2696 mirum
540 2645 618 2696 esset
637 2655 695 2697 non
716 2637 805 2696 licere
829 2639 929 2716 pecori
953 2637 1066 2697 carduis
1086 2638 1183 2712 vesci,

142 2730 242 2784 utnon
259 2721 328 2781 licet
345 2719 458 2799 plebei!
488 2737 579 2797 aquae
597 2737 714 2798 quoque
727 2729 913 2800 separantur,
937 2721 1042 2798 etipsa
1059 2729 1183 2780 naturae

184 2805 327 2865 elementa
344 2806 373 2863 vi
393 2803 534 2883 pecuniae
550 2802 675 2865 discreta
690 2813 763 2865 suut.
790 2805 818 2864 hi
832 2804 919 2879 nivis,
935 2805 976 2863 illi
989 2804 1113 2881 glaciem
1126 2821 1182 2882 po·
1194 2831 1221 2872 ³0

184 2897 258 2966 tant,
284 2905 451 2969 poenasque
473 2887 606 2963 montium
626 2889 653 2946 in
668 2889 845 2966 voluptatem
861 2887 947 2963 gulae
962 2897 1085 2951 vertunt.
1117 2907 1183 2946 ser·
1219 2892 1220 2900 ’

182 2981 265 3033 vatur
280 2972 363 3048 algor
382 2969 510 3030 aestibus
534 2972 770 3050 excogitaturque
791 2977 821 3028 ut
841 2970 942 3031 alienis
962 2971 1107 3030 mensibus
1130 2973 1185 3032 nix

184 3056 290 3133 algeat.
322 3055 464 3114 decocunt
482 3053 529 3113 alii
547 3071 648 3130 aquas,
665 3072 736 3115 mox
754 3063 782 3113 et
796 3053 861 3114 illas
877 3054 1010 3114 hiemant.
1040 3054 1110 3114 nihil
1125 3058 1183 3115 uti·

142 3147 243 3216 toque
269 3138 376 3198 homini
399 3139 442 3196 sic
469 3137 611 3215 quomodo
640 3146 876 3198 rernmfnaturae
901 3137 1008 3215 placet.
1054 3141 1184 3198 etiamne

184 3219 274 3281 herba
298 3221 393 3300 aliqua
413 3221 490 3280 diviti
507 3228 612 3280 tantum
635 3219 780 3301 pascitur?
794 3253 836 3267 —
862 3238 946 3280 nemo
962 3239 1063 3281 sacros
1078 3222 1183 3281 huen-
1195 3247 1223 3288 35

183 3304 315 3383 tinosque
341 3305 445 3365 montis
475 3310 503 3362 et
532 3304 620 3364 iratae
648 3305 741 3383 plebis
769 3321 902 3364 secessas
928 3307 1183 3383 circumspexerit.

185 3403 252 3445 mox
279 3390 352 3448 enirn
375 3398 454 3449 certe
484 3388 618 3464 aequabit
649 3405 720 3464 quos
750 3390 873 3467 pecunia
901 3391 1088 3467 separaverit.
1124 3390 1183 3450 ita·

186 3486 257 3546 que,
277 3469 435 3550 Hercules,
458 3471 562 3532 nullum
583 3471 696 3531 macelli
718 3472 843 3549 vectigal
873 3475 963 3532 maius
991 3473 1043 3531 luit
1064 3473 1184 3540 Romae
