2552 3866
306 259 385 306 usu.
402 259 493 307 mss.
516 254 747 310 umorue-11.
765 248 916 326 (co-cn)
1035 243 1094 310 185

97 421 204 512 ratque·
222 413 251 472 in
270 412 368 472 urceis
390 413 524 474 velanni
545 414 648 493 spatio.
685 413 742 474 duo
765 431 800 473 ea
821 427 929 490 genera
951 413 1051 476 caules
1066 423 1096 475 et

95 497 214 556 racemi.
253 495 429 571 corymbian
458 497 532 558 banc
558 504 663 558 vocant
685 496 900 614 corymbosque
927 511 1001 574 quos
1025 507 1094 558 con*

96 581 185 641 diunt
520 604 523 617 ¹

159 663 208 723 10.
233 662 316 741 (57)
335 661 454 725 Morbos
470 664 618 724 hortensia
633 679 750 743 quoque
766 665 893 723 sentiunt
914 663 988 723 sicut
1011 663 1078 724 reli·
1068 673 1137 732 -176

70 761 151 824 aqua
166 755 243 806 terra
263 754 335 806 sata.
370 765 493 826 namque
517 757 547 808 et
570 748 692 808 ocimum
713 755 865 808 senectute
887 746 1097 824 degeneratio

92 829 263 930 serpyllum,
280 838 310 889 et
324 831 528 906 sisymbrium
519 848 551 891 un
563 830 731 911 umintbam,
753 840 783 890 et
803 831 966 891 exsemine
988 829 1095 892 brassi-

92 931 147 974 cae
164 915 272 973 veteris
287 931 358 993 rapa
381 915 450 974 liunt
457 924 574 995 ,atque
597 916 729 976 invicem.
768 923 799 974 et
817 923 939 976 necetur
956 915 1097 975 cuminum

92 997 306 1073 alumcdcrc,
320 998 386 1058 uisi
397 1009 582 1098 repurgetur.
624 1007 671 1058 est
691 1007 798 1058 autern
818 997 969 1075 unicaule,
996 993 1131 1059 radice
1179 1061 1187 1076 ,

90 1079 181 1140 bulbo
196 1080 299 1156 simili,
314 1099 372 1142 uon
388 1083 443 1141 uisi
458 1083 487 1141 in
500 1082 603 1180 gracili
619 1081 686 1142 solo
704 1097 838 1144 nascens.
874 1081 947 1141 alius
965 1082 1096 1160 privatim

55 1166 196 1224 rocnrniur
189 1163 328 1225 morbus
343 1164 468 1238 scabies.
500 1175 529 1225 et
542 1166 666 1226 ocimum
691 1165 744 1225 sub
766 1166 845 1226 cauis
866 1173 929 1224 ortu
949 1163 1094 1243 pallescit.

90 1249 185 1308 omnia
197 1265 271 1307 vero
286 1265 410 1309 accessu
425 1249 553 1309 mulieris
568 1249 750 1309 menstrualis
768 1247 936 1310 flavescunt.
970 1248 1137 1314 boetio-lii

89 1331 183 1392 larum
196 1349 312 1410 quoque
326 1349 436 1410 genera
450 1335 644 1408 innascuntur,
659 1333 742 1411 napis
752 1329 877 1412 pulices,
890 1331 1018 1410 raphano
1030 1345 1095 1392 urn-
1119 1347 1122 1353 “

89 1433 144 1476 cae
160 1424 190 1475 et
203 1417 364 1491 vermiculi,
382 1418 450 1476 item
461 1417 583 1478 lactucis
601 1424 630 1476 et
647 1417 732 1492 oleri,
752 1417 882 1496 utrisque
902 1416 1094 1495 bocamplius

87 1499 210 1559 limaces
225 1507 255 1559 et
271 1499 403 1577 cocleae,
418 1517 507 1579 porro
519 1517 591 1560 vero
605 1503 717 1579 privata
728 1501 858 1561 animalia
871 1517 945 1578 quae
957 1499 1094 1560 facillime

51 1593 77 1637 1⁶
88 1591 225 1642 stercore
238 1582 345 1643 iniecto
364 1585 514 1662 capiuntur
528 1585 681 1644 condentis
701 1585 730 1642 iu
750 1583 778 1643 id
799 1601 841 1643 sc.
871 1583 952 1641 ierro
976 1599 1093 1662 quoque

85 1683 149 1727 non
167 1665 307 1742 expedire
322 1667 402 1741 tangi
415 1675 524 1742 rutam,
545 1666 683 1741 cunilam,
700 1675 839 1741 mentam,
856 1666 978 1724 ocimum
993 1674 1094 1726 auctor

34 1821 40 1826 ¹
87 1757 136 1811 est
157 1747 280 1808 Sabinus
292 1747 361 1808 'liro
377 1749 406 1806 in
421 1747 496 1808 libro
513 1751 674 1829 cepurioon
695 1757 780 1827 quern
795 1747 957 1808 llaeoeuati
976 1749 1092 1809 dicavit.

154 1830 238 1912 (58.)
260 1830 340 1891 luero
354 1840 454 1892 contro
468 1832 615 1910 lonnicas,
629 1849 687 1892 nou
696 1833 848 1892 minumum
858 1832 1005 1891 hortorum
1017 1833 1076 1892 exi·
1085 1841 1136 1898 178

85 1920 175 1992 tium,
192 1917 215 1975 si
231 1929 289 1974 uon
306 1916 361 1975 sint
374 1917 469 1995 rigui,
491 1916 648 1976 remedium
663 1917 832 1977 monstravit
847 1915 942 1976 limum
956 1917 1093 1976 marinum

50 2021 77 2063 ao
87 2010 139 2061 aut
157 1999 283 2058 cinerem
298 2001 465 2078 opturaudis
481 2017 577 2060 earum
592 1999 795 2076 foraminibus,
816 2000 869 2060 sed
889 2000 1093 2060 efficacissime

84 2083 269 2161 heliotropio
292 2082 383 2143 herba
404 2093 552 2143 necantur.
588 2083 701 2161 quidam
724 2091 753 2144 et
776 2101 878 2160 aquam
894 2082 984 2148 diluto
999 2084 1092 2144 latere

85 2166 182 2228 crudo
199 2166 340 2227 inimicam
354 2166 399 2226 bis
418 2175 524 2245 putant.
560 2166 706 2246 Naporam
723 2167 863 2227 medicina
886 2167 947 2226 erui
965 2167 1072 2245 aliquid
1083 2163 1134 2232 '179

84 2267 144 2311 una
163 2249 232 2325 seri,
247 2250 322 2309 sicut
336 2249 448 2310 olerum
460 2251 548 2328 cicer,
565 2259 645 2310 arcet
658 2251 733 2310 euim
746 2266 860 2309 urucas.
880 2265 937 2327 quo
950 2249 975 2308 si
983 2251 1091 2308 omisso

86 2343 195 2395 enatae
211 2335 278 2410 sint,
295 2333 451 2394 remedium
462 2341 508 2393 est
519 2333 642 2394 absintlri
655 2349 741 2393 sucus
753 2333 867 2394 dococti
879 2333 1029 2410 inspersus
1043 2332 1093 2390 uel

46 2417 156 2478 soeculi
179 2435 263 2495 quarn
288 2419 400 2477 aiscum
422 2425 536 2476 vocant.
563 2435 655 2495 genus
679 2417 736 2478 boc
760 2415 870 2478 barbae
891 2416 1022 2476 diximus.
1047 2435 1129 2476 samm

85 2502 199 2562 Semeu
213 2501 323 2561 olerum
341 2502 366 2560 si
381 2517 451 2561 suco
468 2502 529 2560 elus
551 2501 741 2562 malefactum
757 2509 886 2576 seratur,
911 2500 993 2560 olera
1006 2499 1135 2562 nullilbo

85 2582 252 2644 animalium
270 2584 395 2645 obnoxia
409 2584 502 2644 lutura
519 2585 648 2660 tradunt,
669 2587 698 2644 in
717 2587 808 2644 totum
819 2600 892 2644 vero
906 2584 1005 2643 necari
1025 2601 1174 2643 unu-1

86 2685 154 2742 cas,
171 2683 196 2725 sr
188 2665 291 2744 “palo
281 2678 454 2746 inponantur
464 2669 494 2725 iu
506 2666 597 2727 hortis
607 2685 675 2729 ossa
686 2668 798 2750 capitis
801 2677 839 2728 ex¹
851 2671 956 2746 equino
968 2684 1091 2744 genere,

84 2750 217 2812 ierniuae
239 2750 393 2812 dumtaxat.
433 2749 573 2810 adversus
595 2767 699 2810 urucas
719 2758 749 2810 et
771 2767 904 2811 cancrum
924 2750 1092 2811 fluviatilem

47 2849 76 2892 ao
86 2838 120 2896 in
136 2833 233 2893 medio
250 2833 337 2894 horto
357 2850 528 2913 suspensum
542 2831 672 2893 auxiliari
686 2842 810 2892 namant.
837 2842 902 2892 suut
915 2835 963 2912 qui
976 2833 1090 2910 sangui

83 2919 155 2978 meis
170 2915 260 2993 virgis
274 2925 391 2993 tangant
406 2935 441 2978 ea
457 2933 532 2996 quaa
544 2915 649 2976 uolunt
657 2917 701 2976 bis
714 2909 838 2978 <innoxia
851 2933 928 2976 esse.
952 2915 1128 2976 lnlestaut

84 3009 118 3062 et
141 2999 253 3060 culices
266 2999 404 3060 hortos
381 3018 490 3078 ugnos,
507 2990 665 3079 praecipue
676 3001 700 3060 si
711 3001 768 3059 sint
780 3000 953 3061 arbusculae
964 2999 1088 3076 aliquae.

84 3085 117 3145 bi
139 3082 266 3159 galbano
284 3100 410 3144 accenso
426 3083 568 3160 fugantur.

158 3165 205 3224 11.
222 3165 294 3226 Nam
306 3167 383 3246 quod
393 3166 429 3228 ad
442 3169 678 3245 permutationem
689 3169 826 3228 seminum
838 3167 947 3244 attinet,
958 3163 1074 3246 quibus·
1082 3174 1132 3228 181

45 3271 73 3314 os
84 3252 158 3313 darn
173 3265 210 3308 ex
221 3248 266 3308 bis
282 3250 399 3311 flrmitas
409 3251 500 3309 maior
512 3260 573 3327 est,
588 3258 619 3310 ut
634 3251 797 3326 coriandro,
813 3248 911 3326 betae,
927 3265 1026 3328 porro,
1041 3264 1090 3308 ua·

83 3333 211 3408 sturtio,
233 3334 341 3411 sinapi,
364 3351 487 3408 erucae,
511 3334 623 3395 cunilae
644 3342 675 3394 st
698 3335 762 3394 iere
783 3332 914 3409 acribus,
935 3333 1090 3394 iuurmicrs

83 3425 187 3479 autem
203 3424 268 3475 suut
284 3416 424 3496 atriplici,
446 3417 556 3494 ocimo,
580 3415 763 3493 cucurbitae,
788 3418 914 3492 oncumi,
937 3425 967 3476 et
980 3417 1089 3477 aestive

85 3501 188 3562 omnia
201 3500 330 3561 bibernis
345 3500 437 3576 magis
450 3500 561 3578 durant,
575 3503 698 3561 minuma
707 3510 801 3562 antem
812 3499 958 3578 gethyum.
984 3500 1038 3560 sed
1051 3513 1090 3558 οιι
