2538 3864
414 9 419 22 ’
454 29 455 36 1
577 17 583 61 t

156 151 220 216 280
497 166 527 214 c.
543 167 640 214 eursu
653 165 803 214 suanum

153 334 275 395 nomeu,
291 319 370 380 iuliis
386 320 415 380 irr
429 321 633 382 rotunditatem
648 319 758 394 leogis,
775 315 920 377 laudatum
933 318 962 376 in
977 315 1058 398 erbis.
1086 315 1161 384 duo·

153 421 214 462 rum
230 411 384 484 praeterea
398 418 554 482 generum,
576 403 710 462 silvestre
725 408 754 459 et
770 399 881 477 mitius,
905 409 1057 478 utrumque
1072 401 1161 478 prod-

155 503 222 546 esse
237 488 422 564 dysintericis
439 487 523 566 etiam
533 485 716 545 exulceratis
731 501 796 544 cum
812 501 903 563 pane,
920 484 1069 544 mamucha
1086 499 1161 544 vero
1252 499 1253 560 ᾖ

154 589 192 630 ex
212 579 307 631 aceto.
339 571 486 632 ulceribus
506 567 627 630 remotis
649 567 728 628 inlini
750 568 869 628 crudum
889 577 919 628 et
940 569 1090 628 voluerum
1112 583 1167 628 res·

154 655 277 714 centium
297 657 420 734 impetus
438 655 535 714 lenire·
545 657 575 710 et
595 651 755 712 luxatorum
771 643 926 730 pedum'ac
941 653 1059 712 vesicae
1074 652 1189 712 dolo-s
1252 709 1253 736 ,

153 749 212 797 res.
243 739 371 798 silvestri
385 737 516 797 tenuiora
535 735 623 810 iuba,
649 735 746 796 sedin
761 735 872 795 eisdem
886 736 1023 798 remediis
1038 735 1163 796 eliectus
1252 739 1253 786 l

111 823 276 882 tenuiores
291 830 322 882 et
336 823 363 881 in
376 818 654 879 sanandabominum
667 837 703 879 ac
715 835 856 898 meorum
869 817 979 880 scabie.
989 845 991 850 ·
1002 827 1163 900 praeterea
1252 877 1253 890 ,

153 905 275 964 nitorem
291 905 409 985 corpori
429 903 493 962 lieri
509 901 699 982 dentibusque
717 901 888 980 candorem,
911 905 935 962 si
954 904 1093 964 fricentur
1114 919 1162 962 ra·

154 989 218 1048 dice
237 1005 288 1064 ea,
312 989 421 1047 semine
439 987 554 1064 liuguae
569 985 686 1046 subdito
707 987 782 1046 sitim
801 1005 859 1048 nou
874 987 985 1047 sentiri.
1013 987 1072 1047 boc
1088 1003 1162 1064 quo·

153 1089 210 1150 que
225 1071 319 1130 mandi
334 1080 363 1128 et
374 1079 496 1148 atraque
512 1071 597 1130 etiarn
613 1069 733 1154 condiri.
760 1068 901 1131 Crateuas
915 1073 1029 1132 tertiora
1042 1087 1198 1150 quoquere

152 1173 245 1232 genus
263 1153 379 1213 tradidit
399 1152 579 1230 longioribus
600 1153 730 1214 loliis-‘et
750 1154 971 1230 hirsutioribus,
998 1155 1091 1214 odore
1112 1171 1162 1214 eu·

153 1238 264 1318 pressi,
291 1238 371 1295 nasci
397 1236 450 1297 sub
477 1236 587 1298 bodera
609 1254 757 1312 maxume,
787 1238 936 1316 prodesse
952 1239 1160 1316 opisthotonis,
1252 1215 1253 1310 l

154 1318 395 1382 contractionibus
411 1336 566 1378 nervorum
581 1320 672 1379 tribua
689 1319 784 1379 obolis
799 1321 828 1378 iu
841 1321 1002 1380 senarium
1011 1339 1117 1398 aquae.

111 1413 145 1471 76
208 1399 292 1481 (34.)
315 1401 437 1460 Acantlri
454 1402 597 1478 topiariae
613 1412 643 1462 et
659 1403 786 1463 urbanae
806 1402 916 1464 herbae
929 1403 991 1463 lato
1009 1405 1161 1484 longaque

151 1486 224 1548 lolio
245 1485 409 1564 crepidines
431 1486 590 1562 marginum
610 1487 886 1564 adsurgentiumque
911 1487 1094 1566 pulvinorum
1114 1497 1197 1548 tots

152 1587 203 1631 ros
218 1571 371 1630 vestientis
385 1569 442 1629 duo
458 1585 568 1646 genera
583 1578 665 1646 aunt,
688 1571 851 1633 aculeatum
867 1581 896 1630 ct
914 1573 1060 1650 crispum,
1083 1573 1164 1652 quod
1252 1613 1253 1616 =

154 1655 290 1729 brevius,
318 1655 439 1714 alterum
461 1653 544 1729 leve,
573 1654 650 1732 quod
672 1655 759 1733 aliqui
775 1655 945 1732 paederota
967 1665 1087 1732 vocant,
1111 1657 1164 1716 alii

153 1737 397 1818 melamphyllum.
432 1737 523 1798 llaius
537 1738 652 1797 radices
669 1740 742 1798 ustis
757 1739 921 1817 luxatisque
941 1740 1012 1800 mire
1027 1749 1163 1819 prosunt,

41 1877 44 1882 .
153 1824 222 1882 item
236 1823 339 1901 ruptis,
357 1820 515 1896 conuolsis,
533 1829 562 1880 et
575 1821 711 1899 pbtbisim
725 1822 916 1884 metuentibus
931 1823 1065 1884 incautae
1080 1823 1163 1901 cibo,

153 1923 285 1966 maxume
291 1907 400 2046 pisana.
433 1903 573 1984 podagris
588 1922 704 1984 qaoque
725 1907 878 1967 inlinuntur
897 1907 983 1968 tritae
1002 1916 1031 1968 et
1050 1907 1197 1969 calesu-ao

155 1999 219 2049 ctae
234 1989 289 2047 cali
310 1989 344 2046 is.
397 1991 399 1996 '
649 2031 652 2034 -
849 2009 850 2018 ¹
1000 2039 1004 2042 .

112 2080 146 2136 'tt
218 2068 300 2152 (35.)
323 2070 489 2150 Bupleuron
516 2072 545 2131 iu
566 2073 672 2152 spobte
695 2075 873 2134 nascentium
898 2073 1010 2134 olerum
1040 2093 1163 2152 numero

155 2153 260 2218 Graeci
275 2154 398 2230 babent,
417 2156 500 2216 caule
510 2154 649 2230 cubitali,
662 2157 745 2216 ⁴loliis
761 2157 857 2216 multis
872 2156 1044 2236 longisque,
1063 2161 1163 2237 capite

155 2240 248 2315 ancti,
273 2239 416 2300 laudatum
430 2240 458 2298 in
477 2238 550 2299 cibis
568 2238 608 2299 ab
624 2239 818 2318 llippoerate,
839 2241 869 2300 in
884 2240 1024 2302 medicina
1041 2241 1161 2304 aGlau·

156 2338 230 2382 caue
253 2332 283 2383 et
299 2321 455 2383 Nicandro.
499 2339 599 2382 semen
622 2333 722 2384 contra
741 2325 886 2403 serpentis
905 2325 994 2385 valet.
1032 2325 1102 2387 lolia
1122 2328 1198 2394 ades

154 2407 297 2467 secundas
317 2403 483 2467 feminarum
506 2407 555 2468 vel
576 2424 676 2469 sucum
696 2424 734 2467 ex
751 2409 820 2468 vino
841 2407 975 2484 inlinunt,
999 2413 1162 2471 ctssstrumis

154 2488 305 2550 totta-eum
323 2491 386 2550 salc
405 2498 435 2548 ct
452 2490 530 2551 sino.
567 2489 649 2549 radix
671 2500 771 2552 contra
786 2493 934 2572 serpentis
951 2491 1077 2553 daturin
1091 2497 1162 2556 vino

155 2583 184 2634 et
199 2573 298 2632 urinae
315 2571 446 2645 ciendae.
887 2615 895 2620 -

111 2666 146 2729 ⁷8
218 2655 302 2733 (36.)
324 2655 486 2734 buprestim
512 2673 615 2735 magua
636 2659 824 2721 inconstantia
842 2658 952 2722 Graeci
971 2663 1000 2720 in
1024 2661 1160 2721 laudibus

155 2738 282 2800 ciborum
302 2741 387 2801 etiam
408 2739 551 2818 habuere,
576 2741 720 2821 iidemque
743 2743 870 2804 remedia
892 2753 1035 2824 umquam
1056 2753 1198 2810 contrusa

153 2841 295 2883 venenum
309 2825 506 2903 prodiderunt,
523 2834 551 2884 et
566 2826 658 2904 ipsum
673 2844 778 2888 nomen
789 2828 897 2886 indicio
913 2837 959 2888 est
973 2827 1061 2888 boum
1076 2838 1160 2889 certe

154 2925 295 2968 venenum
312 2927 397 2985 esse,
416 2925 489 2986 quos
506 2908 631 2970 dissilire
646 2910 797 2988 degustata
812 2908 947 2972 latentur.
977 2921 1159 2991 quapropter

153 3009 209 3052 nec
223 2992 259 3050 de
272 2992 329 3052 bac
343 2992 426 3070 plura
441 2992 578 3051 dicemus.
606 3003 651 3053 cst
663 3010 735 3053 vero
750 3009 836 3052 causa
851 3011 1063 3072 marcioneus
1075 3013 1157 3056 mon·

135 3085 139 3104 ⁸
154 3085 276 3134 suemus
287 3077 362 3136 inter
373 3076 534 3153 gramineas
546 3092 679 3154 coronas,
692 3075 746 3135 uisi
756 3074 882 3138 libidinis
894 3095 980 3140 causa
991 3079 1158 3159 expetenda

154 3157 240 3219 alicui
261 3157 388 3300 vpdeurr,
411 3175 494 3236 qararu
514 3172 572 3218 uon
593 3158 677 3221 aliter
697 3162 787 3238 magis
809 3161 928 3223 accendi
950 3173 1050 3243 putant
1070 3180 1198 3243 quamne

154 3250 223 3319 pota
240 3259 275 3300 ea

112 3329 148 3385 ts
218 3322 302 3402 (37.)
324 3319 551 3405 Elaplroboscou
571 3325 749 3388 ferulaceum
771 3339 832 3405 est,
860 3331 1053 3408 geniculatum
1072 3331 1158 3409 digiti

94 3459 98 3472 ,
156 3407 353 3486 crassitudine,
370 3411 479 3470 semiue
494 3410 638 3486 corymbis
651 3411 882 3492 dependentibus
897 3414 960 3476 silis
975 3416 1086 3493 effigie,
1101 3415 1158 3477 sed
