2538 3864
222 230 225 240 ι
307 219 387 267 ιιι.
403 220 493 268 urso.
509 220 568 267 xx.
587 209 875 288 17—18.(71-75.)
1029 211 1090 274 2t9

97 376 182 437 dine
173 393 201 434 m
211 374 270 433 vinu
263 372 387 448 'cyatho
401 372 520 437 diletis.
531 371 677 432 Dieuches
690 382 720 433 et
733 373 769 432 ad
782 337 940 434 lumborum
952 376 1070 438 dolores
1083 390 1133 444 191

97 477 162 520 suco
183 475 252 517 usus
273 464 334 530 est,
363 475 462 535 semen
480 455 649 534 hydropicis
675 466 704 516 et
728 458 867 520 coeliacis
893 458 972 519 dedit
996 463 1091 522 tritum

96 561 157 603 oum
179 534 290 617 menta,
311 540 430 600 Ειιιιιιι
448 529 575 600 radicem
599 547 629 599 et
643 540 679 600 ad
694 542 782 602 renis.
817 541 925 602 Dalion
940 544 1091 605 herbarius

96 623 316 705 parturientibus
333 642 371 684 ex
387 642 423 684 eo
441 624 640 704 cataplasma
631 626 757 702 inposuit
772 643 836 685 cum
850 643 917 704 apro
923 671 932 705 ‚
949 628 1017 686 item
1028 629 1091 688 vol·

74 727 191 769 suarum
207 708 327 785 dolor1‚‘
337 707 475 786 deditque
496 707 649 778 bibendum
671 727 735 768 cum
755 711 1091 787 anetoparturientibus.

95 792 269 872 phreneticis
302 809 418 871 quoque
446 791 564 852 inlinunt
588 792 638 852 ιιι
661 808 852 853 recenseam
877 794 1006 871 polenta.
1050 797 1093 855 sic

95 885 124 936 et
136 875 291 936 infantibus
309 876 454 937 comitiale
468 877 583 952 uitium,
600 885 649 936 aut
664 878 878 938 contractiones
893 878 1092 938 sentientibus.

94 960 270 1036 Pythagoras
286 960 401 1037 quidem
416 969 504 1038 negat
518 960 626 1038 corripi
640 961 711 1020 vitio
727 961 862 1021 comitiali
882 963 911 1020 in
925 963 1135 1025 manuhe-192

95 1044 203 1119 bootis,
218 1043 345 1123 ideoque
360 1061 443 1122 quam
455 1044 615 1122 plurumum
629 1044 706 1104 domi
719 1044 888 1122 serendum,
905 1064 1009 1124 parere
1022 1063 1093 1124 quo·

61 1144 150 1205 noque
169 1127 283 1187 lucilius
303 1127 485 1202 eliminetis,
509 1137 538 1187 et
555 1129 649 1188 statim
668 1145 684 1188 a
700 1138 783 1206 partu
800 1128 921 1188 dandum
942 1131 1023 1207 potui
1042 1147 1094 1207 po·

94 1212 169 1272 lenta
192 1211 344 1289 adspersa.
384 1212 551 1271 Sosimenes
573 1220 674 1272 contra
697 1213 789 1272 omnis
810 1213 926 1272 duritias
949 1231 986 1272 ex
1008 1216 1093 1274 aceto

92 1313 159 1354 usus
182 1304 227 1355 est
249 1312 286 1355 eo
308 1303 338 1354 ct
360 1304 461 1356 contra
481 1295 664 1355 lassitudines
679 1296 708 1354 in
725 1296 792 1355 oleo
813 1296 981 1373 decoquens
996 1297 1093 1358 addita

91 1381 174 1439 nitro.
209 1380 318 1440 semine
340 1379 402 1438 eius
418 1387 489 1457 poto
505 1379 681 1439 lassitudinis
702 1380 836 1438 auxilium
850 1378 1010 1440 viatoribus
1025 1398 1092 1457 spo·

93 1463 200 1541 pondit.
230 1462 402 1524 lleraclides
418 1463 455 1522 ad
470 1462 633 1522 inflationes
649 1463 790 1524 stomachi
808 1481 908 1522 semen
923 1461 1013 1524 tribus
1032 1465 1072 1524 di·
1086 1473 1136 1528 193

60 1568 84 1610 ιι
94 1548 160 1622 gitis
184 1564 248 1604 cnm
267 1547 394 1606 castorei
415 1545 513 1606 obolis
532 1546 644 1606 duobus
666 1565 704 1606 ex
727 1546 819 1606 mulso
842 1546 937 1621 dedit,
963 1548 1096 1607 similiter
1129 1576 1131 1586 .

93 1627 129 1688 ad
149 1629 258 1688 ventris
276 1637 324 1687 aut
344 1630 543 1688 intestinorum
565 1629 730 1688 inflationes
750 1638 778 1689 et
800 1629 1000 1706 orthopnoicis
1016 1631 1094 1709 quod

92 1712 187 1771 ternis
204 1710 301 1786 digitis
319 1711 469 1788 prenderit
490 1713 623 1788 seminis,
652 1712 816 1771 tantundem
839 1712 1007 1786 hyoscyami
1030 1713 1103 1772 cum‘

93 1796 170 1856 lacte
186 1795 306 1854 asinino.
331 1793 411 1854 multi
425 1795 573 1856 vomituris
588 1794 739 1856 acetabula
752 1796 814 1854 eius
830 1804 860 1854 et
874 1796 944 1856 iolia
959 1796 1030 1856 lauri
1043 1797 1093 1856 de·

93 1897 157 1939 cem
174 1879 239 1938 trita
256 1877 388 1956 ineque,
405 1877 528 1940 bibenda
544 1880 618 1938 inter
639 1896 739 1942 cenam
751 1879 882 1940 suadent.
912 1880 1137 1956 strangulas-194

57 1972 138 2026 notus
161 1961 284 2035 volvae,
306 1964 332 2020 si
357 1962 544 2040 manducetur
564 1971 593 2022 et
614 1963 718 2024 linatur
739 1963 861 2025 calidum
876 1964 924 2025 ιιι
941 1965 964 2023 si
981 1963 1095 2024 bibatur

93 2062 157 2107 cum
182 2053 317 2104 castoreo
344 2046 373 2104 in
397 2055 482 2105 aceto
504 2054 533 2105 et
555 2047 659 2122 melle,
683 2047 775 2108 sedat.
805 2049 965 2124 vertigines
980 2056 1093 2125 apertu

92 2147 157 2190 cum
173 2130 283 2188 semine
301 2131 462 2188 cucumeris
478 2139 506 2190 et
520 2130 570 2189 lini
585 2133 646 2208 pari
657 2147 790 2191 nmnsura
805 2140 916 2190 ternum
928 2131 1092 2207 digitorum,

90 2215 150 2274 viui
171 2213 230 2272 albi
251 2212 341 2272 tribus
361 2211 483 2311 cyathis
498 2213 621 2274 discutit.
669 2213 857 2290 'llcpclemus
880 2214 915 2274 ad
942 2225 1094 2290 quartanas
1138 2241 1141 2247 ·

91 2297 183 2358 ternis
207 2296 303 2374 digitis
326 2297 442 2382 seminis
466 2299 546 2356 anesi
569 2308 598 2357 et
616 2297 734 2358 feniculi
755 2315 823 2356 usus
847 2306 892 2356 est
914 2298 942 2355 in
961 2307 1044 2358 aceto
1066 2307 1095 2358 et
1154 2295 1158 2304 '

56 2381 186 2444 remelius
209 2380 314 2454 cyatho
337 2397 404 2440 uno.
417 2368 516 2440 lenit
544 2382 706 2442 articularis
727 2380 861 2455 morbos,
885 2399 948 2442 cum
971 2383 1136 2445 amaris195

92 2464 213 2524 nucibus
229 2464 346 2525 inlitum.
381 2472 446 2524 sunt
456 2467 504 2542 qui
520 2474 549 2524 et
569 2466 699 2566 aspidum
715 2465 836 2526 venenis
854 2465 1000 2524 adversari
1015 2474 1095 2525 natu·

91 2565 154 2607 ram
170 2548 233 2607 eius
251 2556 360 2625 putent.
389 2549 498 2609 urinam
513 2550 587 2625 ciet,
604 2551 678 2610 sitim
695 2547 828 2624 cohibet,
845 2566 983 2608 venerem
998 2551 1093 2608 stimu-

92 2631 149 2705 lat,
166 2647 230 2690 cum
245 2633 311 2691 vino
328 2631 463 2692 sudorem
475 2632 579 2692 leniter
591 2641 734 2711 praestat,
749 2634 840 2694 vestis
854 2649 970 2711 quoque
984 2635 1095 2692 atineis

43 2785 45 2796 Ι
92 2714 233 2775 defendit.
257 2714 405 2775 efficacius
424 2733 541 2793 semper
557 2723 662 2776 recens
678 2725 708 2776 ct
725 2733 782 2794 quo
798 2716 922 2793 nigrius,
945 2717 1094 2778 stomacho

56 2817 82 2859 sc
92 2808 191 2859 tamen
205 2797 305 2858 inutile
318 2808 520 2876 praeterquam
535 2798 643 2860 inflato.

159 2881 210 2942 18.
239 2881 340 2960 (74.)
350 2880 471 2942 Acetum
492 2899 609 2960 quoque
623 2890 722 2943 ructus
736 2890 833 2941 moret
849 2890 877 2941 et
892 2883 1012 2942 tormina
1028 2899 1074 2940 se·
1087 2891 1138 2946 196

33 3005 35 3012 ·
92 2957 162 3042 dai,
184 2965 280 3026 alvom
300 2965 383 3024 sistit.
417 2966 566 3045 epiphoris
588 2967 701 3027 radices
720 2964 872 3026 inlinuntur
894 2984 932 3026 ιιι
954 2982 1029 3042 aque
1047 2964 1096 3024 vel

92 3053 173 3110 vino.
202 3048 344 3126 singultus
361 3048 479 3109 cohibet
495 3067 594 3110 semen
608 3050 726 3110 lerneus
741 3048 860 3109 olfactu.
894 3056 1036 3127 sumptum
1059 3066 1107 3108 ex·

92 3149 170 3212 aqua
187 3133 270 3194 sedat
283 3131 448 3194 cruditates.
469 3134 542 3193 ciuis
558 3134 620 3193 eius
636 3151 720 3194 uvam
734 3133 762 3192 iu
773 3132 904 3193 faucibus
921 3132 1009 3207 levat,
1028 3149 1096 3192 ocu·

53 3231 82 3276 se
93 3217 143 3281 los
159 3223 189 3274 et
204 3217 364 3292 genituram
381 3215 509 3277 hebetat.

159 3299 243 3379 (75.)
274 3301 468 3378 Sacopenium
494 3300 572 3378 quod
598 3299 674 3377 apud
702 3315 755 3360 nos
779 3300 905 3376 gignitur
931 3301 959 3358 in
986 3308 1076 3359 totum
1089 3305 1138 3361 197

91 3374 286 3444 kenemariae
302 3383 450 3444 alienatur.
473 3383 544 3444 illud
558 3385 632 3444 enim
647 3382 834 3442 hammoniaci
848 3382 992 3457 lacrymae
1004 3383 1097 3442 simile

92 3468 276 3546 sagapeniou
293 3476 423 3528 vocatur.
458 3465 577 3546 prodest
598 3467 719 3528 laterum
739 3476 768 3526 et
789 3467 917 3544 pectoris
936 3465 1096 3540 doloribus,
