2538 3864
176 195 237 258 212
374 189 378 200 “
473 190 489 205 “
528 205 827 255 c.rc1u1ancurru1

177 381 239 424 easl
252 362 359 422 volvae
385 363 494 422 curavit
518 361 586 435 illa,
616 362 773 422 iocinerum
797 361 866 420 vitia
893 361 983 423 ternis
1013 359 1108 420 obolis
1134 377 1170 421 ex

175 447 268 507 mulso
288 446 377 522 datis,
400 447 467 505 item
490 447 657 522 sanguinem
680 443 901 506 exserentibus
922 445 950 504 in
972 442 1168 510 sorbitionem.

176 531 277 593 ulcera
289 531 318 590 in
333 530 429 608 capite
443 528 589 590 infantium
603 529 676 588 mire
692 537 789 604 sanat,
809 529 929 590 arterias
945 527 1054 591 umidas
1071 529 1169 604 siccat,

135 615 291 678 masteces
302 613 461 691 adstringit.
485 614 601 691 pituitas
612 622 763 690 corruptas
775 621 880 692 purgat
893 613 921 672 in
936 611 1029 672 mulso
1043 619 1072 670 et
1086 629 1167 689 aqua,

176 699 243 758 voci
262 715 333 758 suco
350 698 438 774 utilis,
454 696 506 758 suh
522 696 679 756 certamine
692 696 847 772 dumtaxat,
864 697 912 773 qui
929 705 959 755 et
973 695 1192 773 gargarizatum

86 777 88 784 ⁴
176 800 230 842 uva
258 791 384 842 tumente
409 782 523 843 adiecta
541 788 605 840 ruta
627 787 657 839 et
677 780 830 840 coriandro
853 797 891 838 ex
912 779 999 840 lacte.
1043 778 1120 839 utilis
1144 787 1173 838 et

177 875 279 926 eontra
292 865 425 927 tonsillas
446 863 664 938 cummanire,
686 862 803 940 linguae
820 879 945 942 asperae
960 881 1024 923 eum
1040 861 1127 924 melle
1144 871 1173 921 et

178 950 337 1011 convolsae
358 951 402 1010 ius
422 949 496 1008 intus
517 965 571 1026 per
591 965 625 1006 se
641 947 776 1026 vitiisque
796 947 949 1026 pulmonis.
987 947 1127 1026 singultus
1145 953 1174 1004 et

176 1033 350 1094 vomitiones
364 1032 438 1092 sistit
461 1049 525 1092 cum
543 1049 615 1091 suco
631 1033 760 1109 granati,
783 1039 814 1092 ut
828 1031 1011 1092 Democritus
1026 1038 1173 1090 monstrat.

112 1187 115 1200 ¹
137 1125 186 1178 150
196 1117 323 1176 recentis
339 1131 425 1174 sueus
439 1116 549 1176 uarium
568 1117 638 1176 vitia
654 1116 757 1196 spiritu
774 1114 931 1176 subductus
946 1113 1094 1189 emendat,
1112 1114 1174 1191 ipsa
1185 1128 1207 1168 ιο

178 1201 242 1258 trita
264 1197 415 1272 choleras,
443 1197 473 1257 in
494 1208 579 1259 aceto
600 1198 715 1278 quidem
742 1207 826 1277 pota,
853 1200 1000 1276 sauguinis
1021 1198 1176 1258 fluctiones

175 1283 266 1354 intus,
288 1280 374 1341 ileum
395 1281 483 1341 etiam
503 1283 627 1359 inposite
647 1301 712 1342 cum
733 1282 852 1359 polenta
875 1291 905 1340 et
922 1283 946 1340 si
960 1299 1098 1341 mammae
1114 1290 1176 1340 teu·

177 1365 285 1423 dantur.
316 1363 441 1422 inlinitur
457 1372 486 1423 et
507 1363 686 1440 temporibus
703 1366 732 1422 iu
753 1364 855 1440 capitis
874 1363 994 1436 dolore,
1012 1365 1131 1440 sumitup
1149 1373 1179 1424 et

178 1455 278 1506 eontra
294 1447 504 1525 scolopendras
526 1455 554 1505 et
571 1445 743 1523 scorpiones
765 1445 890 1523 marinos
910 1454 940 1504 et
961 1445 997 1506 ad
1019 1448 1178 1524 serpentis.

177 1530 327 1610 epiphoris
351 1531 476 1591 inlinitur
499 1538 529 1589 et
550 1529 679 1590 omnibus
701 1529 845 1606 incapite
866 1527 1081 1607 eruptionibus,
1104 1530 1212 1590 itemst

136 1625 186 1677 151
198 1614 277 1676 sedis
297 1615 383 1676 vitiis.
418 1615 613 1691 intertrigines
636 1630 771 1692 quoque,
795 1612 844 1672 rel
867 1615 893 1674 si
909 1621 1042 1674 teneatur
1056 1622 1178 1689 tanturn,
1255 1635 1256 1650 ι

179 1699 324 1778 prohibet.
348 1697 463 1759 auribus
477 1698 630 1759 instillatur
645 1715 708 1756 cum
723 1693 827 1756 mulso.
850 1698 927 1756 aiunt
942 1706 972 1757 et
985 1696 1053 1757 lieni
1066 1696 1179 1757 mederi

179 1801 244 1844 eam
258 1784 286 1844 in
302 1781 386 1844 horto
401 1790 542 1859 gustatam
557 1782 595 1842 ita
606 1798 643 1840 ae
653 1780 795 1854 vellatur,
810 1781 835 1840 si
851 1782 876 1840 is
894 1781 941 1858 qui
955 1780 1086 1842 mordeat
1101 1780 1180 1840 dicat

178 1885 212 1927 ss
224 1866 292 1928 lieni
307 1866 433 1941 mederi,
449 1883 503 1944 per
517 1865 578 1926 dies
594 1877 681 1939 vrnt,
705 1863 802 1924 aridae
817 1881 935 1942 quoque
951 1864 1070 1926 farinam
1085 1862 1179 1924 trihus

179 1951 275 2026 digitis
297 1948 507 2027 adprehensam
524 1957 553 2008 et
573 1946 713 2009 stomachi
733 1947 865 2010 dolorem
886 1948 990 2010 sedare
1011 1950 1040 2008 in
1054 1964 1129 2026 aqua
1148 1957 1180 2008 et
1189 1967 1213 2007 ιο

134 2025 145 2034 ”
179 2031 310 2091 similiter
326 2034 471 2110 adspersa·
481 2033 599 2111 potione
614 2032 723 2092 ventris
739 2031 870 2093 animalia
884 2031 1047 2110 expellere.
1090 2056 1092 2064 ·

136 2126 188 2178 152
243 2115 326 2193 (54.)
354 2116 459 2193 hlagca
476 2117 603 2176 societas
624 2133 688 2176 cum
708 2114 764 2175 huc
785 2115 822 2174 ad
842 2114 1020 2176 recreandos
1042 2114 1180 2176 delectos

178 2198 271 2259 auimo
298 2200 396 2278 puleio
423 2209 486 2260 cum
511 2199 635 2260 surculis
663 2199 723 2258 suis
748 2200 775 2258 in
802 2199 941 2278 ampullas
968 2200 1075 2258 vitreas
1101 2201 1181 2258 aceti

178 2283 307 2362 utrisque
323 2283 454 2345 deiectis.
482 2283 591 2360 quade
606 2299 694 2343 causa
710 2282 823 2358 dignior
838 2301 854 2344 e
867 2283 964 2361 puleio
981 2299 1090 2343 corona
1104 2281 1180 2342 Var-
1253 2311 1254 2340 ι

178 2369 242 2428 roui
265 2384 348 2444 quam
369 2384 471 2426 erosa
490 2365 630 2426 cubiculis
651 2366 758 2424 uostris
775 2368 956 2444 pronuntiata
976 2376 1038 2443 est,
1058 2383 1124 2426 uam
1150 2376 1216 2427 etas

181 2447 284 2528 capitis
298 2449 418 2512 delores
432 2449 555 2526 inposita
569 2449 673 2508 dicitur
686 2447 804 2525 levare,
827 2453 894 2527 quin
910 2459 939 2510 et
957 2450 1065 2511 olfactu
1080 2451 1183 2529 capita

179 2533 253 2594 tueri
275 2542 376 2592 contra
396 2531 535 2609 frigorum
554 2540 711 2608 aestusque
726 2533 856 2592 iniuriam.
873 2543 902 2593 et
922 2534 958 2593 ab
978 2534 1025 2594 siti
1045 2531 1181 2608 traditur,

178 2632 272 2692 neque
290 2622 423 2677 aestuare
437 2632 489 2676 eos
504 2616 551 2692 qui
566 2614 638 2674 duos
654 2615 780 2694 epuleio
796 2617 927 2676 surculos
942 2617 1084 2695 inpositos
1101 2619 1181 2679 auri·

179 2698 262 2758 bus
254 2716 282 2757 m
304 2698 367 2759 sole
387 2699 519 2762 habeant.
561 2698 686 2760 inlinitur
708 2700 794 2760 etium
817 2701 845 2760 iu
865 2699 1013 2762 doloribus
1036 2717 1100 2760 cum
1124 2719 1182 2780 po-

141 2792 192 2845 153
203 2783 281 2842 lenta
296 2791 325 2860 et
338 2793 433 2844 aceto.
462 2783 567 2844 femina
582 2782 739 2844 efficacior.
762 2793 807 2844 cst
821 2792 915 2844 autem
929 2784 1004 2845 haec
1018 2783 1090 2846 dore
1108 2802 1182 2863 pur·
1194 2801 1218 2842 ao

178 2883 282 2947 pareo.
301 2885 361 2926 mas
374 2867 522 2928 candidum
533 2847 658 2928 habet.
650 2885 679 2928 ιιι
689 2869 804 2928 nausias
816 2883 880 2926 eum
894 2867 957 2929 sale
973 2877 1003 2930 et
1013 2867 1161 2946 polenta
1151 2887 1184 2926 ιιι

179 2950 284 3028 lsigida
298 2967 372 3029 aqua
387 2959 457 3030 pota
470 2951 589 3026 inhibet,
608 2951 650 3010 sic
665 2959 694 3010 et
712 2951 840 3046 pectoris
855 2969 891 3013 ae
905 2953 1012 3012 ventris
1031 2951 1182 3012 dolorem.

70 3081 73 3100 ι
180 3035 320 3096 stomachi
346 3043 441 3094 autem
463 3052 501 3094 ex
521 3051 596 3112 aqua
615 3034 683 3096 item
702 3033 835 3093 rosiones
856 3035 931 3096 sistit
952 3044 981 3095 et
1002 3036 1183 3096 vomitiones

180 3137 244 3180 cum
265 3127 349 3178 aceto
372 3127 401 3178 et
421 3117 548 3195 polenta.
585 3118 782 3178 intestinorum
802 3117 872 3179 vitia
894 3118 981 3177 melle
1003 3118 1129 3180 decocta
1148 3129 1183 3178 et

180 3203 253 3261 nitro
277 3210 373 3277 sanat,
400 3203 507 3262 urinam
534 3200 618 3279 pellit
640 3219 677 3262 ex
694 3202 829 3276 vinoset,
856 3203 881 3260 si
900 3200 1050 3264 Amineum
1068 3206 1123 3279 sit,
1149 3213 1219 3264 etan

139 3284 329 3348 rescatentes
354 3293 383 3343 et
407 3285 558 3345 interiores
578 3285 669 3345 omnis
693 3283 821 3344 dolores.
864 3303 902 3344 ex
923 3285 1011 3347 melle
1036 3295 1066 3346 et
1087 3297 1183 3348 aceto

180 3366 262 3427 sedat
282 3376 425 3428 menstrua
446 3376 475 3428 et
496 3368 657 3444 secundas,
679 3367 780 3429 volves
795 3385 953 3430 conversas
969 3371 1104 3448 corrigit,
1126 3373 1183 3432 de·

75 3483 78 3494 a
180 3449 294 3554 iunctos
316 3460 413 3529 partus
436 3453 511 3512 eicit
544 3456 643 3514 semen
664 3445 926 3516 obmutescentibus
947 3453 1054 3514 olfactu
1073 3455 1182 3517 admo-
