2534 3866
290 239 369 290 aar.
386 239 477 290 ason.
491 239 562 290 xva.
577 235 697 293 38-39.
712 229 864 310 (ta-⁷5.)
934 183 936 196 μ
1029 229 1069 294 35
1119 219 1122 227 ’

80 411 137 476 qua
165 392 327 454 dedolanda
353 391 440 454 arbos
469 395 611 455 sternatur
636 403 702 456 aute
727 395 821 456 editos
852 415 920 458 suos
948 397 1067 460 imatus.

80 477 182 539 Robur
201 495 272 537 vere
288 495 404 538 caesum
424 478 581 539 teredinem
601 474 702 554 sentit,
721 477 819 539 broma
840 489 934 542 autem
954 491 1114 560 neque189

8 629 10 642 ἱ
79 563 197 622 vitiatur
215 577 311 639 neque
332 561 488 639 pandatur,
511 561 582 622 alias
603 560 758 622 obnoxium
781 564 866 624 etiarn
889 573 919 622 ιιι
936 573 1071 644 torqueat

80 663 149 706 sese
177 644 339 723 dudatqne,
366 644 443 724 quod
466 645 494 704 in
519 644 625 705 subere
649 647 823 724 tempestive
845 663 961 726 quoqne
982 665 1069 708 oaeso

58 729 187 790 nevenit.
219 727 359 787 inlinitum
375 728 466 788 reiert
483 735 512 788 et
527 728 634 789 lunaris
647 731 732 806 ratio,
747 731 868 792 nonnisi
882 749 899 792 a
913 732 1050 791 vicesima
1063 741 1112 796 190

79 815 108 873 in
123 811 297 872 tricesimam
311 811 395 872 osedi
408 812 517 872 volunt.
547 813 622 872 inter
637 815 728 872 omnis
741 831 813 874 vero
831 815 965 874 convenit
978 813 1069 874 utilis-

8 925 10 938 =
79 897 152 956 sime
167 897 196 954 in
211 895 287 955 noitu
302 897 366 956 eius
377 897 476 972 sterni,
492 913 577 974 quem
591 895 667 956 diem
677 896 725 958 alii
739 897 883 974 interluni‚
895 897 944 958 alii
959 897 1071 958 silentis

8 977 10 1046 ι
79 981 166 1041 lunae
181 976 338 1057 appellant.
368 980 411 1040 sin
427 988 508 1040 uerte
519 978 768 1042 Tiberinsdaesar
781 989 965 1042 concremato
981 989 1070 1060 ponte
1142 975 1145 982 ⁴

8 1055 10 1150 ζ
80 1063 292 1123 naumachiario
313 1062 418 1123 larioes
441 1062 478 1124 ad
494 1063 699 1126 restituendum
722 1064 804 1125 oaedi
824 1065 853 1124 in
867 1064 968 1124 Raetia
986 1082 1070 1143 prae·

8 1183 10 1196 .
52 1163 73 1204 ao
84 1147 183 1207 linivit.
211 1145 323 1224 quidam
338 1147 434 1207 dieunt
448 1147 521 1206 utin
536 1146 613 1207 ooitn
630 1155 660 1207 et
673 1146 727 1208 sub
741 1157 818 1208 terra
831 1149 869 1207 sit
883 1147 959 1224 luna,
970 1148 1049 1227 quod
1060 1156 1111 1211 191

81 1231 144 1292 fieri
167 1247 224 1289 uon
250 1239 347 1308 potest
369 1230 423 1289 nisi
443 1239 539 1290 uootu.
583 1231 608 1289 si
629 1224 783 1310 oonp'etnnt
809 1231 902 1291 ooitus
922 1233 951 1290 in
972 1231 1068 1292 novis-

81 1315 181 1374 simum
199 1313 273 1374 diem
288 1312 417 1390 brumae,
433 1313 531 1374 illusit
547 1322 666 1374 aeterna
680 1315 824 1390 materies,
839 1331 991 1394 proxume,
1004 1331 1069 1376 oum

82 1415 169 1476 supra
185 1397 267 1457 diotis
282 1397 435 1457 sideribus.
466 1397 580 1477 quidam
599 1406 629 1458 et
648 1400 726 1459 oanis
750 1406 844 1458 ortum
860 1397 965 1460 addunt
980 1408 1011 1459 et
1025 1399 1069 1458 sio
1196 1438 1199 1442 -

81 1497 184 1543 caesas
198 1481 333 1541 materies
344 1482 372 1542 iu
385 1481 477 1541 iorum
491 1479 658 1558 Augustum.
679 1478 743 1540 Neo
755 1480 891 1542 novellae
905 1491 998 1542 autem
1011 1483 1047 1543 nd
1060 1490 1111 1546 192

53 1566 230 1629 armatorienr
248 1582 303 1624 neo
322 1573 439 1625 veteres
461 1565 639 1626 utilissimae.
676 1564 861 1624 circumcisas
888 1582 1005 1645 quoque
1031 1565 1067 1626 ad

8 1665 10 1668 ’
80 1646 234 1710 medullam
245 1648 332 1726 aliqui
346 1666 402 1708 non
414 1649 549 1708 inutiliter
561 1645 712 1720 relincunt,
729 1655 760 1705 ut
771 1647 861 1705 omnis
872 1664 954 1707 umor
968 1650 1066 1710 stanti·

81 1734 135 1794 hus
151 1729 266 1792 delluat.
299 1731 399 1792 llirum
422 1733 496 1810 apud
510 1730 642 1807 antiquos
656 1728 748 1808 prime
765 1727 872 1789 Puuioo
891 1729 971 1791 hello
993 1732 1066 1791 olas·

81 1835 143 1878 sem
156 1813 245 1876 Duilli
261 1815 441 1894 imperatoris
456 1815 491 1876 alr
503 1812 608 1872 arbore
621 1825 678 1872 nx.
695 1811 742 1871 die
756 1813 950 1889 navigavisse,
967 1823 1066 1874 oontrs

10 1971 11 1978 ἵ
80 1917 152 1960 vero
166 1895 320 1959 Hieronem
336 1916 436 1977 regem
451 1907 541 1977 cpxx
554 1896 635 1956 naris
650 1894 770 1956 effectas
785 1895 886 1956 diebus
897 1909 968 1958 ην
981 1897 1067 1958 tradit

49 2008 72 2048 ao
82 1983 111 2044 L.
129 1982 207 2043 Piso.
237 1981 366 2042 seeundo
381 1997 496 2061 quoque
510 1979 617 2039 Punico
632 1980 775 2058 Scipionis
797 1979 900 2040 elassis
913 1994 970 2042 xn.
986 1981 1032 2042 die
1049 1997 1096 2041 o·-

81 2065 178 2127 seonri
193 2066 345 2143 navigavit.
375 2071 482 2123 tantum
493 2063 700 2140 tempestivitas
710 2063 795 2123 etiam
808 2063 835 2122 in
848 2064 949 2143 rapida
961 2065 1065 2126 oeleri·

80 2149 333 2312 mo(Hpopl,¹)et’(lato
348 2227 490 2288 hominum
505 2239 628 2287 summos
647 2229 674 2286 in
696 2229 772 2288 omni
794 2246 846 2288 usu
862 2229 899 2289 de
920 2230 1046 2290 materiis
1057 2239 1107 2296 193

81 2317 155 2377 liaeo
177 2316 278 2376 adioit:
306 2312 450 2386 lineium
467 2329 519 2371 ex
542 2307 704 2390 lappino
729 2319 810 2372 atra
836 2312 1066 2390 potissimum

50 2401 208 2465 aiaoito.
247 2396 417 2471 ulmeam,
450 2396 606 2474 pineam,
636 2411 802 2471 nuoeam,
836 2395 928 2456 hano
957 2403 1065 2472 atque

82 2485 187 2545 aliam
210 2481 396 2540 materiam
420 2495 572 2555 omnem,
598 2495 673 2544 oum
695 2477 874 2556 eilodies,
901 2477 985 2540 luna
1004 2479 1065 2539 de·

81 2571 282 2628 orosoente
298 2562 450 2622 eximito
465 2561 751 2640 postmeridiano
772 2565 853 2623 sine
874 2573 983 2624 vento
1005 2579 1065 2623 au·

79 2659 169 2709 stro.
200 2655 270 2707 turn
290 2647 363 2707 erit
380 2646 624 2724 tempestiva,
648 2663 721 2704 eum
738 2663 862 2707 semen
884 2665 1063 2706 suum-nra·

78 2743 196 2793 turum
219 2731 300 2790 erit.
332 2737 541 2806 oavetoque
563 2746 629 2805 per
648 2743 766 2788 rorem
787 2728 912 2789 trahas
928 2730 1063 2790 autdo·

46 2817 147 2880 soles.
176 2814 310 2892 idemque
325 2829 408 2872 mox:
426 2810 925 2891 Nisiintormestrilunaque
945 2812 1106 2875 dimi-194
1171 2843 1173 2850 v

77 2893 592 2973 diatanetangasmateriem.
619 2892 1063 2972 tumeliodiasautprae-

78 2983 184 3044 oidas
198 2981 262 3042 abs
282 2989 392 3039 terra.
407 2977 538 3039 diebus
553 2985 694 3054 septem
709 2979 914 3054 proxumis,
931 2975 1065 3056 quibus

78 3069 165 3128 luna
184 3065 294 3143 plena
314 3061 444 3135 luerit,
467 3069 612 3138 optume
628 3060 807 3120 eximitur.
850 3061 992 3120 omnino
1008 3075 1065 3117 oa·

78 3159 170 3211 veto
197 3150 233 3208 ui
254 3163 355 3227 quam
374 3147 560 3204 materiam
579 3142 686 3202 doles
707 3159 797 3202 neve
819 3143 954 3203 oaedas
974 3159 1065 3200 nevo
1164 3143 1166 3148 '

46 3245 215 3309 atangos
234 3230 305 3290 nisi
325 3231 473 3302 sinnam,
494 3245 584 3287 neve
605 3225 873 3304 gelidamneve
892 3224 1064 3285 rorulen-

78 3327 161 3378 tam.
193 3313 326 3374 'liberins
344 3311 419 3380 idem
440 3311 516 3370 etin
541 3308 647 3390 capillo
666 3308 809 3370 tondendo
830 3309 955 3370 servavit
979 3308 1065 3368 inter-

78 3400 170 3462 lunia.
201 3395 238 3458 lt.
254 3396 348 3456 Varro
363 3395 501 3456 adversos
516 3393 638 3454 defluvia
653 3394 803 3472 praeoepit
814 3389 1022 3452 observandum
1036 3391 1066 3451 id

78 3503 95 3544 a
112 3481 292 3565 pleniluniis.
332 3584 335 3595 ἱ
853 3513 908 3616 ¹3*
