2538 3864
69 856 78 885 l

141 139 157 164 ⁵
177 165 238 227 246
521 174 552 224 c.
567 175 662 256 remu
681 173 831 223 succum

178 331 334 393 cercentis.
368 332 407 390 ita
423 329 454 389 111
467 337 499 408 ut
512 345 570 388 nou
591 328 721 388 omnibus
737 330 816 389 aunis
830 331 975 411 «sentiatur
990 329 1047 390 boo
1061 329 1171 390 malum.

134 416 322 484 invenenati
344 414 426 492 signa
442 413 598 491 suntquod
620 414 733 474 omniuo
746 431 808 473 non
828 414 979 490 densatur,
999 414 1076 493 quod
1095 414 1173 473 color

177 502 268 577 magis
284 498 387 558 rutilus
404 505 460 572 est,
473 497 546 557 odor
561 497 671 557 alienus
687 506 881 558 sternumenta
895 498 1026 576 protinus
1045 514 1172 572 movens,

178 583 255 662 quod
273 583 466 663 ponderosius
483 582 609 641 innoxio.
647 581 805 660 qui'edere
829 581 955 642 abiciunt
978 600 1010 642 se
1035 582 1111 642 humi
1130 600 1172 641 re·

133 668 396 746 refrigerationem
411 673 601 744 quaerentes,
620 682 685 724 nam
700 675 730 725 et
745 666 851 727 sudore
866 666 1006 726 diffluunt.
1040 665 1194 726 Remedias

134 751 165 836 33
173 752 270 827 {dsunt
290 748 393 828 multd,
422 765 497 829 quae
519 751 578 810 suis
598 749 673 808 locis
689 748 828 810 dicemus.
859 751 912 810 sed
934 751 1068 829 quoniam
1083 751 1175 808 statim

176 836 391 915 repraesentari
405 832 529 911 aliqua
521 852 549 892 m
563 833 648 893 tantis
670 833 779 893 insidiis
799 842 931 912 oportet,
958 834 1080 895 mulsum
1094 842 1175 892 vetus

177 920 301 980 emelle
325 928 442 998 optumo
472 925 502 976 ct
526 925 605 991 ruta,
639 917 812 978 salsamenta
842 919 943 994 etiam,
974 919 999 977 si
1025 919 1176 995 reiciantur

178 1015 289 1084 sumpta
306 1004 421 1063 crebro.
460 1008 627 1079 certumque
646 1001 733 1061 estid
748 1000 852 1062 malum
869 1020 922 1081 per
943 1009 1128 1063 excrementa
1141 999 1177 1058 ad
1250 1019 1251 1022 ¹

177 1107 265 1149 canes
281 1088 366 1146 etiam
380 1085 536 1164 pervenire
555 1085 744 1164 similiterque
762 1087 892 1165 torqueri
907 1103 970 1146 eos.
1001 1085 1122 1145 mulsum
1136 1093 1176 1143 ta·
1187 1099 1208 1139 ιι

177 1189 242 1231 men
255 1189 292 1228 ex
308 1186 344 1228 eo
359 1169 549 1229 inveteratum
561 1170 714 1229 innocuum
728 1188 796 1230 esse
812 1178 941 1247 cunstat,
968 1179 997 1230 et
1012 1171 1178 1229 feminarum

178 1262 272 1317 cutam
286 1251 365 1311 nullo
380 1252 482 1311 melius
498 1253 726 1332 emendaricum
744 1262 839 1327 costo,
853 1253 1008 1329 suggillata
1023 1272 1087 1312 cum
1102 1253 1178 1312 aloe.

106 1379 110 1387 ,
135 1345 170 1406 ιι
241 1336 324 1414 (45.)
351 1332 437 1392 Aliud
451 1351 544 1409 genus
559 1335 588 1404 in
601 1334 704 1393 eodem
718 1333 801 1396 Ponti
818 1336 884 1410 situ,
902 1344 991 1411 gente
1007 1337 1179 1410 Sannorum,-

176 1419 271 1479 mellis
295 1417 372 1496 quod
386 1415 422 1476 ab
437 1415 547 1475 insania
565 1434 649 1494 quam
663 1417 754 1493 gignit
773 1433 982 1478 maenomenon
1004 1427 1120 1478 vocant.
1152 1420 1180 1479 id

178 1504 355 1564 existimatur
381 1497 510 1562 contrabi
537 1498 610 1559 dore
636 1498 834 1574 rbododendri
857 1519 915 1580 qno
938 1511 1052 1562 scatent
1075 1503 1209 1563 sulvae
1190 1515 1209 1554 1

159 1605 309 1688 gensque
325 1603 376 1663 ea,
395 1603 459 1646 cum
474 1602 570 1644 ceram
590 1584 620 1643 in
635 1583 740 1645 tributa
760 1585 899 1646 Romanis
914 1595 1084 1665 praestent
1111 1587 1180 1662 mel,
1250 1625 1251 1656 ι

179 1675 312 1752 quoniam
330 1670 446 1731 exitiale
469 1677 529 1743 est,
555 1685 613 1729 nou
633 1668 742 1732 vendit
772 1666 838 1728 Et
829 1687 858 1727 ιιι
876 1669 995 1731 Perside
1018 1672 1070 1730 et
1061 1690 1090 1730 m
1103 1669 1181 1734 blau-

158 1757 306 1817 ratariae
324 1753 524 1815 Caesariensis
545 1749 676 1813 Gaetulia
697 1754 873 1814 contermina
889 1752 1078 1829 Massaesylis
1091 1773 1181 1814 vene·

179 1842 237 1900 uati
258 1839 316 1900 favi
337 1839 517 1936 gignuntur,
537 1838 708 1916 quidamque
733 1836 769 1896 ad
787 1847 914 1916 partem,
942 1855 999 1916 quo
1021 1839 1090 1898 nihil
1112 1857 1181 1898 csse
1248 1859 1249 1862 ¹

124 1924 315 1990 'deiallacins
331 1929 444 2000 potest,
462 1921 517 1980 nisi
509 1919 608 1998 quod
625 1921 718 1980 livore
736 1919 999 1998 deprehenduntur.
1033 1921 1107 1994 Quid
1125 1922 1181 1982 srbr
1190 1941 1211 1982 ιι

181 2007 309 2067 voluisse
325 2014 453 2066 naturam
465 2004 503 2102 pis
519 2003 690 2065 arbitremur
704 2004 829 2078 insidiis,
855 2013 885 2064 ot
907 2004 942 2066 ab
959 2007 1061 2066 iisdem
1077 2006 1182 2105 apibus

179 2107 235 2147 nec
256 2088 386 2148 omnibus
408 2089 488 2148 aunis
509 2088 612 2148 fierent
636 2097 755 2148 autnon
776 2088 845 2147 totis
864 2087 986 2148 lavis‘l‘
991 2108 1090 2168 parum
1105 2092 1183 2149 enim
1249 2153 1250 2158 1

72 2197 74 2201 ·
180 2181 243 2233 erat
254 2174 393 2250 genuisse
407 2173 507 2231 nemin
521 2188 577 2250 qua
592 2159 733 2231 venen'um
744 2170 881 2232 facillime
900 2171 1038 2233 daretur?
1056 2174 1183 2234 etiamne
1249 2189 1250 2246 ι

179 2257 261 2316 huo'
251 2275 318 2337 1psa
332 2258 361 2315 in
375 2256 462 2316 melle
476 2263 519 2314 tot
544 2254 712 2315 animalibus
730 2252 829 2314 dedit?
859 2257 927 2334 quid
942 2258 997 2316 sibi
1012 2257 1104 2317 voluit
1128 2260 1183 2318 nisi
1249 2255 1250 2370 ι

106 2347 108 2350 ’
179 2349 210 2400 ut
226 2343 383 2401 cautiorem
405 2341 553 2437 miqusquc
568 2333 686 2398 avidum
708 2337 821 2398 laceret
838 2338 1002 2400 bominem?
1031 2359 1088 2401 non
1105 2339 1250 2406 enimus

134 2430 139 2438 ’
181 2435 210 2485 et
223 2427 295 2502 ipsis
321 2422 459 2500 apibus
451 2438 506 2481 ram
523 2421 659 2498 cuspides
681 2403 804 2482 dederat
827 2432 857 2482 et
881 2425 1014 2500 quidem
1021 2437 1185 2488 venenatas
1249 2425 1250 2472 1

179 2505 315 2568 remedio
332 2506 471 2566 adversus
493 2504 545 2564 bas
561 2505 658 2581 utique
677 2520 735 2586 non
756 2504 938 2566 differendo?
972 2525 1043 2586 erqo
1066 2510 1185 2570 malvae

180 2607 251 2650 succ
266 2600 314 2649 aut
328 2588 462 2648 loliorum
482 2586 609 2648 hederae
625 2577 765 2665 perungui
780 2588 906 2650 salutare
929 2602 973 2652 est
993 2593 1041 2652 vel
1059 2611 1185 2673 percus·

180 2690 231 2733 sos
253 2691 303 2733 eas
320 2671 430 2731 bibere.
461 2672 561 2730 minum
580 2680 675 2732 tamen
696 2681 740 2732 est
765 2691 876 2735 venena
896 2678 1036 2754 portantis
1059 2694 1112 2737 ore
1131 2679 1185 2737 iin-

181 2758 335 2836 gentisque
351 2757 429 2838 ipsas
445 2774 502 2818 non
522 2757 609 2832 mori,
632 2758 686 2816 nisr
679 2753 791 2835 quod
797 2758 846 2818 illa
868 2756 980 2820 domina
1000 2778 1097 2820 rerum
1118 2778 1183 2821 om·
1196 2786 1218 2828 :a

180 2843 254 2903 nium
269 2840 343 2902 bano
364 2839 443 2900 dedit
464 2842 682 2938 repugnantiam
697 2841 797 2919 apibus
821 2842 896 2903 sicut
911 2853 1011 2904 contra
1033 2849 1186 2924 serpentis

180 2925 286 3000 Psyllis
300 2924 461 3003 Marsisque
482 2925 555 2983 inter
571 2923 711 2983 homiues.

114 3019 173 3076 '¹19
246 3011 294 3071 14.
318 3007 403 3086 (46)
431 3006 558 3067 Α11ιιι11ιι
584 3005 671 3067 Creta
694 3006 860 3067 miraculum
887 3009 998 3071 mellis:
1027 3029 1110 3073 mous
1137 3022 1187 3072 est
1248 3057 1249 3062 ι

182 3090 285 3153 Garine
300 3101 377 3152 v1111
393 3105 420 3151 Μ
445 3107 579 3170 passuum
595 3090 716 3164 ambitu,
741 3090 814 3150 iutra
830 3093 907 3171 quod
922 3095 1045 3171 spatium
1060 3114 1187 3158 muscae

179 3193 237 3237 non
256 3178 454 3254 reperiuntur,
480 3183 631 3252 natumque
647 3174 686 3234 ibi
706 3172 763 3232 mel
782 3192 920 3254 nusquam
939 3180 1088 3257 attingunt.
1123 3180 1249 3240 hoc
1199 3201 1223 3242 ιι

182 3261 381 3339 experimento
397 3257 542 3335 singulare
559 3257 773 3319 medicamentis
791 3260 922 3336 exigitur.

139 3354 175 3408 80
246 3343 330 3422 (47.)
352 3341 469 3402 Alveria
490 3344 630 3402 orientem
650 3342 888 3418 aequinoctialem
909 3355 1045 3424 spectare
1070 3364 1188 3406 conve-

150 3458 154 3472 ι
181 3428 231 3497 pit.
261 3427 423 3504 aquilonem
439 3426 561 3501 evitent,
587 3443 642 3485 nec
657 3424 800 3485 favonium
816 3425 915 3487 minius.
948 3429 1030 3491 alvos
1045 3441 1191 3508 optumas
