2538 3864
179 235 240 296 276
547 242 577 290 c.
595 243 691 292 anum
710 242 859 296 saccant

137 412 176 474 ta
240 402 325 482 (26.)
347 397 497 462 Anthemis
506 398 618 474 maguis
630 397 762 462 laudibus
772 397 938 458 celebratur
948 397 984 458 ab
994 395 1176 475 Asclepiade.

179 485 268 565 aliqui
284 481 514 546 leucanthemida
527 490 649 558 vocant,
664 482 711 542 alii
727 480 972 560 leucanthemum,
988 481 1037 542 alii
1051 482 1177 542 eranthe-

179 569 264 645 mida,
282 570 415 648 quoniam
429 583 501 627 rere
515 565 634 644 horeat,
649 566 698 626 alii
714 565 947 644 chamaemelos,
964 565 1097 645 quoniam
1111 565 1178 624 odo·

178 671 241 714 rem
257 653 324 714 mali
345 651 460 714 habeat.
498 649 627 710 nonnulli
646 648 821 712 melanthion
838 659 953 713 vocant.
986 649 1179 710 Generosius
1251 659 1252 688 l

179 740 233 797 tria
249 737 321 797 dore
339 744 445 797 tantum
462 735 582 809 distant,
598 733 722 811 palmum
738 751 796 792 non
814 733 1003 809 excedentia,
1018 735 1115 812 parvis
1130 732 1201 792 ilo-s

179 821 258 881 ribus
273 830 372 896 rutae,
384 818 517 881 'candidis
532 825 580 878 aut
590 817 701 876 malinis
716 826 765 876 aut
778 819 940 894 purpureis.
960 823 995 878 ln
1005 833 1103 876 macro
1118 817 1179 875 solo

181 914 228 965 ant
244 906 323 974 iusta
337 905 454 966 semitas
471 901 617 979 colligitur
631 918 703 964 vere
718 901 788 960 etin
803 911 1010 964 coronamenta
1023 901 1179 978 reponitur.

77 1031 79 1039 ι
181 988 285 1048 eodem
305 999 439 1068 tempore
460 996 489 1046 et
508 983 619 1047 medici.
634 985 705 1046 lolia
726 994 810 1048 tunsa
832 985 860 1044 in
882 985 1017 1064 pastillos
1039 985 1180 1062 digerunt,

138 1074 249 1138 saitem
265 1072 367 1132 liorem
382 1080 413 1131 et
427 1071 564 1132 radicem.
594 1069 704 1130 Dantur
718 1069 812 1130 omnia
828 1071 915 1131 mixta
933 1069 1086 1134 drachmae
1102 1071 1181 1128 unius

180 1154 310 1234 pondere
329 1149 429 1216 contra
451 1155 628 1232 serpentium
651 1155 775 1215 omnium
799 1155 882 1218 ictus.
920 1154 1033 1232 pellunt
1055 1162 1182 1212 mortuos
1191 1175 1211 1215 ιι

179 1247 295 1317 partus,
313 1239 381 1297 item
395 1248 541 1299 menstrua
557 1238 585 1298 in
601 1247 671 1315 potu
687 1246 715 1296 et
732 1239 813 1302 urina
828 1237 1027 1316 calculosque.
1063 1235 1182 1297 indatio·
1251 1297 1252 1304 ,

180 1339 250 1396 nes,
272 1321 431 1380 iocinerum
448 1321 533 1393 vitia,
552 1319 641 1380 bilem
656 1319 819 1394 subinnuat,
844 1319 991 1396 aegilopia
1012 1319 1182 1400 conmandu-

180 1412 262 1478 cata,
287 1402 417 1463 ulccrnm
438 1401 605 1479 eruptiones
626 1403 766 1464 manantis
790 1409 880 1468 sanat.
922 1401 967 1462 lix
988 1403 1122 1462 omnibus
1142 1403 1183 1464 his

180 1487 339 1565 generibus
365 1486 401 1547 ad
425 1483 555 1549 calculos
577 1483 780 1548 efficacissima
797 1493 842 1544 est
862 1502 937 1562 quae
956 1479 1057 1550 liorem
1077 1505 1183 1565 purpu-

180 1589 262 1631 reum
272 1570 376 1646 habet,
394 1571 475 1632 cuius
489 1578 519 1630 et
533 1567 669 1628 loliorum
685 1577 714 1628 et
727 1569 842 1630 ihndcis
855 1569 1012 1648 amplitudo
1027 1571 1185 1630 maiuscula
1194 1594 1215 1634 tt

182 1664 237 1716 est.
266 1655 340 1715 hauc
355 1655 474 1733 proprie
492 1653 605 1732 quidam
620 1652 807 1713 eranthemim
822 1661 938 1712 vocant.

138 1740 172 1796 55
245 1739 328 1818 (27)
352 1737 445 1800 boton
464 1755 512 1817 qur
504 1736 661 1796 arborem
675 1745 773 1814 putant
787 1745 895 1797 tantum
912 1755 979 1796 esse
994 1717 1045 1797 vel
1057 1737 1185 1809 Homero

181 1827 301 1884 anctore
319 1824 438 1900 coargui
458 1828 588 1900 possunt.
624 1821 649 1878 is
670 1820 744 1879 enirn
765 1821 838 1882 inter
856 1819 962 1882 herbas
984 1821 1187 1882 subnascentis

181 1906 301 1966 deornm
323 1905 464 1984 voluptati
479 1904 567 1965 loton
590 1903 709 1981 primam
730 1905 915 1968 nominavit.
945 1905 1014 1972 lolia
1036 1906 1099 1966 eius
1122 1923 1187 1965 cunr

181 1988 270 2048 melle
286 1988 621 2062 oculcrmn-ciuctrices,
639 2003 773 2064 argema,
790 1987 954 2066 nubeculas·
965 1989 1131 2050 discutiunt.
1196 2007 1219 2047 ιι

99 2107 107 2126 ,
138 2074 174 2128 56
246 2070 330 2150 (28.)
352 2070 405 2132 Est
425 2080 454 2130 et
475 2071 628 2132 lotometra
650 2087 723 2148 qnae
745 2071 776 2130 iit
800 2089 836 2130 ex
859 2072 919 2132 loto
943 2082 1021 2148 sata,
1043 2091 1081 2132 ex
1104 2074 1190 2132 cuius

182 2156 291 2214 semine
306 2156 392 2218 simili
408 2155 470 2214 mili
491 2155 566 2232 putri
582 2153 651 2214 hunt
664 2169 754 2231 panos
772 2157 800 2217 in
815 2153 953 2254 Aegypto
975 2174 991 2216 a
1006 2155 1188 2236 pastorrbns,

180 2253 312 2298 ιιιιιιιιιιε
326 2255 400 2316 apua
414 2239 464 2299 vel
477 2238 553 2298 lacte
567 2236 699 2298 subacto.
734 2247 856 2314 negatur
871 2241 1021 2318 quicquam
1041 2239 1093 2300 illo
1110 2258 1190 2317 pane
1244 2266 1248 2279 ·

181 2320 324 2382 salubrius
341 2340 410 2382 esse
423 2330 470 2382 aut
485 2321 595 2394 levius,
611 2319 676 2380 dum
692 2317 796 2380 caleat.
831 2321 1022 2400 refrigeratus
1038 2323 1191 2383 diiiicilius

182 2404 371 2482 concoquitur
394 2405 481 2482 fitque
506 2403 699 2482 ponderosus.
736 2413 848 2468 constat
872 2423 924 2465 eos
947 2409 995 2484 qui
1016 2405 1067 2466 illc
1086 2408 1224 2467 vivantst
1249 2467 1250 2486 2

180 2503 236 2547 nec
262 2488 419 2561 dysinteria
447 2504 501 2546 nec
518 2495 656 2547 tenesmo
681 2503 776 2566 neque
804 2489 867 2548 aliis
887 2489 995 2555 morbis
1018 2492 1155 2549 ventris
1146 2511 1190 2550 rn-
1249 2491 1250 2498 ’

180 2569 289 2629 lestari.
323 2571 420 2647 itaque
435 2571 514 2632 rutel·
523 2567 651 2630 remedia
666 2585 765 2634 eorum
779 2571 895 2638 habent.

138 2650 173 2701 5⁷
186 2653 327 2754 08(29)
348 2651 693 2730 lleliolropimiraculum
714 2657 830 2734 saepius
852 2656 973 2722 diximus
990 2673 1052 2716 curn
1068 2657 1137 2716 sole
1156 2676 1191 2717 se

140 2760 167 2801 ιι,
175 2717 209 2797 iia
199 2721 439 2816 9ιῑιιιιιιιιιιςιιιιιίι
448 2739 532 2800 otiam
543 2736 708 2816 nubilodie,
718 2748 812 2800 tantus
821 2739 1010 2802 siderisamor
1022 2749 1076 2800 est.
1094 2751 1192 2802 noctu

179 2823 259 2882 velut
274 2823 421 2883 desiderio
429 2820 574 2885 contrabit
586 2821 750 2886 caeruleum
763 2823 875 2886 florem.
906 2823 1056 2884 Genera
1030 2843 1092 2884 erus
1108 2824 1191 2885 duo:
1204 2849 1228 2889 ao

138 2907 337 2969 58tr1coccum
351 2916 380 2966 et
394 2905 613 2983 helioscopion.
645 2905 701 2966 hoc
716 2906 816 2979 altius,
842 2922 1011 2984 quamquam
1029 2917 1191 2986 utrumque

179 2988 386 3090 semipedalem
400 2989 575 3050 altitudinem
585 3005 643 3048 noa
654 2988 780 3066 excedit,
796 2987 833 3048 ab
847 3007 902 3050 una
914 2991 1011 3050 radice
1026 3007 1192 3052 ramosum.

179 3091 280 3134 semen
300 3075 329 3132 in
350 3072 482 3134 iolliculo
504 3070 646 3132 messibus
673 3072 828 3171 colligitur.
866 3075 993 3134 nascitur
1014 3075 1131 3136 nonnisi
1160 3079 1194 3136 in

119 3219 122 3228 Ι
179 3158 281 3253 pingui
295 3157 360 3217 solo
373 3155 511 3258 cultoque
523 3171 667 3233 maxume,
683 3156 841 3218 tricoccum
852 3157 968 3236 abique.
996 3177 1020 3218 su
1013 3158 1193 3238 decoqua-

178 3249 242 3316 tur,
259 3241 373 3300 invenio
389 3235 463 3299 cibis
477 3239 595 3316 placere
611 3241 666 3300 et
656 3258 685 3302 ιιι
700 3239 776 3300 lacte
792 3240 941 3302 iucundius
956 3241 1051 3304 alvom
1071 3243 1196 3304 molliri
1207 3266 1234 3308 ss

181 3332 228 3399 et,
242 3325 267 3383 si
282 3323 398 3384 decocti
412 3340 498 3384 sunus
516 3321 643 3400 bibatur,
661 3323 864 3386 eilicacissime
879 3327 1027 3387 exinaniri.
1059 3328 1195 3389 maioris

180 3423 266 3466 sucus
285 3407 427 3485 excipitur
447 3414 558 3470 aestate
578 3407 650 3468 bora
671 3417 768 3485 sexta,
789 3409 926 3484 miscetur
946 3428 1009 3472 oum
1028 3413 1114 3488 vinc,
1141 3415 1196 3474 sic

138 3489 294 3553 sutirmlor.
321 3491 422 3571 capitis
436 3489 554 3558 dolores
569 3491 651 3552 sedat
661 3508 785 3554 rosaceo
796 3493 931 3559 admixto.
959 3511 1098 3580 verrucas
1115 3515 1196 3558 cum
