2552 3866
165 193 226 254 152
429 258 432 271 ¹
492 200 523 248 c.
540 159 636 246 enirn
652 197 801 248 suenum

164 357 339 439 portendere
357 354 491 416 ereditur.
520 355 548 414 in
565 356 662 434 quinta
675 369 783 414 eornua
798 353 861 412 eius
877 359 999 432 nptnnra
1022 353 1159 432 pluviam,

165 451 264 501 erecta
286 448 316 499 et
334 439 437 500 infesta
466 448 569 499 ventos
593 455 710 518 semper
735 437 912 514 significant,
940 445 1041 516 quanta
1065 446 1161 499 tamen

131 573 137 582 ,
163 541 304 586 maxume.
336 539 424 583 eornu
443 525 505 583 eius
526 521 753 601 septentrionale
773 521 962 582 acuminatum
983 529 1070 598 atque
1091 523 1159 599 rigi·

161 610 228 671 tlnrn
243 609 322 668 illum
338 608 485 686 praesagit
500 616 630 682 ventum,
644 605 764 666 interius
779 614 921 681 austrum,
942 613 1062 682 utraque
1078 614 1160 668 reeta

164 703 278 753 nostem
299 701 459 752 ventosam.
491 692 514 750 si
534 699 664 770 quartam
681 689 761 750 orbis
782 685 883 749 rutilus
907 690 1019 766 tinget,
1041 697 1071 748 et
1090 707 1183 749 ven-n

121 786 226 854 348th
235 785 264 835 et
277 774 375 834 imbris
387 775 596 853 praemonebit.
614 773 700 851 Apud
710 771 870 834 Varronem
880 773 919 833 ita
932 782 992 832 est:
1008 771 1045 832 st
1057 790 1159 850 quar·

163 873 201 922 to
218 861 278 920 die
294 859 376 918 luna
392 859 640 933 erittlireeta‚
663 873 825 933 magnam
844 865 1103 935 tempestatem
1125 857 1160 916 in

162 943 503 1021 maniprnesagiet,
526 942 650 1001 nisisi
672 956 844 1000 eoronam
867 940 1026 1000 eirease
1048 939 1160 1002 halte-

48 1069 55 1086 .
163 1029 214 1089 bit
232 1037 267 1087 et
283 1044 357 1086 eam
378 1024 857 1104 sinceram‚‘quoniamilln
872 1025 975 1084 mntln
991 1041 1060 1084 uon
1075 1033 1159 1084 ante

162 1111 308 1193 plenam
328 1111 446 1170 lunam
465 1110 701 1170 hiematurum
729 1109 905 1169 ostendit.
940 1109 969 1168 si
990 1107 1192 1186 pleniluni
1264 1155 1265 1158 ,

120 1258 123 1266 ,
163 1198 221 1257 uio
249 1213 317 1274 per
338 1194 522 1255 dimidium
539 1210 627 1272 pura
647 1193 732 1267 erit,
760 1191 840 1251 dies
860 1207 1018 1251 serenos
1043 1193 1160 1268 signi·

163 1278 316 1355 litabit,
357 1281 387 1338 si
415 1279 542 1352 rutila,
567 1286 718 1348 ventos,
755 1276 983 1352 nigrescens
1019 1275 1159 1335 imbris.

122 1365 215 1435 atesi
234 1362 357 1443 ealigp
374 1361 475 1422 orbis
492 1361 624 1420 nubem
641 1358 857 1433 incluserit,
877 1368 1012 1420 uentos
1033 1359 1160 1437 quase

163 1450 324 1527 ruperit,
343 1448 372 1505 si
387 1444 520 1522 gemini
536 1441 648 1502 orbes
665 1443 869 1518 eluxerint,
887 1444 1060 1502 maiorem
1077 1452 1160 1504 tem·

80 1577 84 1584 ‚
165 1541 364 1613 pestatem,
381 1530 560 1604 etmagis,
581 1528 703 1587 sitres
722 1534 829 1585 erunt
844 1527 1030 1603 autnigri,
1046 1527 1196 1586 iuter-u

163 1609 1159 1694 ruptiatquetlistraeti.nastensluuasleornusupe·

164 1693 1159 1772 rioreolratratnsurget,pluviasdeereseenstlabit,
1266 1703 1267 1718 ¹

165 1782 412 1856 siinferiore,
434 1779 794 1858 autepleniluniunr,
812 1781 844 1838 si
866 1777 1158 1855 inmedianigri·
1266 1771 1267 1794 ¹

165 1870 215 1929 tia
243 1867 308 1926 illa
333 1864 465 1937 luerit,
492 1862 640 1922 imbrem
663 1863 697 1921 in
719 1862 941 1940 plenilunio.
983 1863 1016 1921 si
1047 1862 1158 1941 plena

165 1953 265 2015 eirea
281 1965 318 2006 se
334 1944 485 2006 habebit
504 1945 645 2020 orbem,
669 1963 711 2005 ex
733 1964 800 2025 qua
822 1955 928 2024 parte
948 1947 978 2006 is
1000 1961 1194 2006 maxumeaa
1267 1926 1268 1986 l

165 2029 858 2112 splendebitexeaventumostenulet.
888 2032 1158 2090 slinnrtuenr·

164 2133 231 2176 nua
247 2113 603 2189 erassloraiuerint,
621 2114 1102 2192 horridamtempestatem.
1130 2113 1159 2172 si

164 2196 1157 2277 antequaitamnonadparueritventoiavoniollante,
1267 2209 1268 2218 ¹

164 2283 337 2343 hiemalis
361 2290 440 2341 toto
467 2299 591 2342 mense
617 2283 697 2340 erit.
741 2282 771 2339 si
796 2294 869 2342 xvt.
902 2280 1158 2340 vehementius

165 2365 588 2444 llammeaatlparuerit,
605 2380 761 2442 asperas
784 2373 1032 2442 tempestates
1051 2379 1194 2443 prae-sn

123 2461 175 2514 350
186 2452 317 2526 sagiet.
347 2450 418 2508 Sunt
434 2457 463 2507 et
477 2449 567 2526 ipsius
582 2447 667 2508 lunae
682 2460 746 2508 Vnt
762 2449 891 2523 articuli,
916 2449 1049 2526 quotiens
1064 2449 1094 2508 in
1110 2465 1157 2509 an·

160 2534 249 2612 ¹gulos
266 2531 338 2592 solis
350 2530 467 2607 ineidat,
483 2531 632 2610 plerisque
647 2532 722 2590 luter
737 2547 791 2591 ens
807 2540 913 2592 tantum
937 2531 1158 2592 observantibus

164 2617 318 2694 praesagia
334 2615 405 2689 eins,
421 2615 622 2691 heterius,
638 2627 714 2692 v11.,
731 2627 777 2677 xl.
785 2661 794 2695 ,
810 2628 867 2676 xv.
876 2661 886 2694 ,
900 2628 1029 2696 mun,
1045 2627 1157 2696 xxm,

142 2719 147 2724 ·
164 2711 273 2760 xxvtt.
290 2705 321 2757 et
335 2697 525 2758 interlunium.

121 2793 171 2846 351
243 2780 326 2860 (80.)
346 2780 446 2843 'lertio
469 2783 537 2844 loeo
558 2781 706 2844 stellarum
725 2781 956 2842 observationem
978 2800 1045 2844 esse
1069 2794 1193 2862 opor-m

162 2875 214 2936 tet.
241 2865 414 2926 Diseurrere
430 2883 483 2928 eae
499 2867 632 2928 ridentur
651 2865 806 2941 interilum,
821 2867 956 2944 ventique
969 2867 1099 2945 protinus
1111 2886 1156 2927 se·

165 2958 275 3026 nuntnr,
290 2949 318 3007 in
336 2964 454 3026 quornm
470 2960 550 3028 parte
568 2950 606 3008 ita
621 2949 817 3028 praesagierit.
848 2945 958 3010 t'aelum
970 2969 1033 3010 enm
1051 2967 1155 3028 aequa-

163 3034 230 3094 liter
245 3042 335 3094 totum
350 3034 404 3094 erit
423 3033 618 3111 splendidum,
640 3031 766 3094 articulis
785 3041 945 3112 temporum
959 3051 1033 3110 quos
1048 3051 1155 3114 prepo-
1246 3049 1249 3056 ·

163 3118 285 3192 suimus,
302 3125 461 3180 autumnum
476 3133 608 3176 serenum
625 3115 784 3196 praestabit
805 3134 840 3176 ae
853 3116 996 3194 frigidum.
1019 3117 1112 3178 sivan
1126 3127 1155 3177 et

163 3210 259 3261 aestas
276 3215 333 3258 non
353 3200 413 3259 sine
431 3202 529 3278 rigore
545 3199 641 3279 aliquo
656 3200 831 3277 transierint,
847 3209 1007 3264 autumnum
1020 3208 1190 3262 serenumtt

120 3291 171 3348 atr
179 3292 209 3343 et
222 3291 329 3342 tersum
340 3281 486 3364 minusque
498 3292 649 3344 ventosum
661 3284 777 3343 lanient.
801 3285 922 3344 autumni
934 3286 1075 3345 serenitas
1086 3303 1153 3344 ven·

161 3377 252 3426 tesam
265 3366 386 3426 lriemern
406 3367 484 3427 latit.
511 3385 575 3426 eum
594 3375 717 3448 repente
735 3367 882 3430 stellamm
900 3366 998 3444 fulgor
1017 3368 1155 3431 obseura·

161 3461 223 3528 tur,
244 3458 273 3512 ut
289 3449 317 3510 id
333 3449 542 3530 nequennbllo
560 3469 617 3512 nee
636 3450 761 3528 ealigine
779 3450 843 3526 liat,
866 3450 964 3530 pluvia
982 3461 1031 3512 ant
1048 3471 1155 3530 graves
