2534 3866
120 226 123 235 s
196 203 236 264 50
541 213 678 262 cemus
692 213 838 262 secunus
862 185 865 198 ’

198 367 442 448 optumavitihus,
459 377 510 427 aut
522 385 595 446 quae
612 371 705 428 tenuis
720 339 835 428 exhalat
849 367 980 442 nebulas,
999 384 1054 426 nec
1068 364 1186 426 rubrica

197 453 291 512 multis
309 451 430 511 laudata.
461 462 567 511 cretam
582 453 610 510 in
627 452 794 511 Albensium
809 451 1045 529 Pompeianorum
1067 466 1137 526 agro
1155 459 1185 509 et

105 569 112 582 κ
198 531 327 614 argillam
343 539 452 594 cunctis
465 535 500 594 ad
515 537 613 592 vineas
629 534 786 610 generibus
801 543 991 612 anteponunt,
1014 551 1184 618 quamquam

197 619 399 698 praepinguis,
413 618 494 696 quod
511 618 653 695 excipitur
668 619 696 677 in
714 633 750 677 eo
765 635 884 694 genere.
917 617 1038 676 invicem
1053 616 1184 675 sabulum

198 702 292 763 alhum
308 703 337 760 iu
349 701 502 760 Ticiniensi
512 699 664 776 multisque
679 701 707 758 in
718 701 791 758 locis
802 701 1045 777 nigrumitemque
1056 696 1182 774 rubrum,
1195 723 1207 762 s

155 795 189 850 26
201 787 285 846 etiam
308 786 405 863 pingui
420 793 515 842 terrac
531 784 710 860 permixtum,
726 783 907 843 infecundum
926 793 979 842 est.
1009 783 1185 859 Argumenta

199 887 314 949 quoque
332 867 512 928 iudicantium
529 883 620 943 saepe
638 865 747 924 fallunt.
778 884 836 926 non
849 868 947 943 utique
965 866 1071 926 laetum
1091 866 1185 926 solum

106 1003 114 1020 ,
199 963 243 1014 'est
263 955 291 1011 in
310 968 366 1029 qno
381 967 524 1027 procerae
539 948 661 1009 arbores
677 950 767 1009 nitent
784 958 986 1028 praeterquam
1000 950 1058 1009 illis
1075 947 1184 1010 arbori·

197 1037 261 1098 hus.
290 1034 356 1112 quid
372 1033 445 1090 enim
459 1030 554 1091 abiete
568 1031 741 1110 procerius?
769 1043 798 1093 at
812 1051 886 1110 quae
896 1035 1005 1093 vixisse
1020 1033 1113 1111 pos'sit
1129 1033 1186 1093 ulia

198 1123 225 1180 in
239 1120 306 1178 loco
324 1112 448 1175 eodem?
472 1133 527 1174 nec
543 1115 691 1177 luxuriosa
701 1117 805 1196 pabula
818 1118 931 1196 pinguis
949 1117 1004 1176 soli
1018 1134 1132 1194 semper
1144 1117 1185 1174 in·
1197 1139 1221 1178 ac

198 1204 301 1262 dicium
317 1195 432 1258 hahent.
464 1216 529 1258 nam
553 1201 620 1278 quid
642 1201 782 1261 laudatius
805 1199 973 1260 Germaniae
994 1197 1127 1278 pabulis‘l
1156 1209 1186 1258 et

156 1293 190 1360 nt
201 1285 293 1346 statim
309 1281 409 1341 suhest
424 1282 530 1342 harena
553 1284 721 1344 tenuissimo
742 1286 899 1361 caespitum
921 1284 1010 1342 corio.
1040 1301 1096 1342 nec
1111 1299 1185 1342 sem·

180 1377 183 1386 ’
198 1385 251 1449 per
265 1383 375 1444 aquosa
392 1375 436 1424 est
451 1375 529 1426 terra
547 1367 592 1425 cui
606 1369 766 1444 proceritas
778 1366 940 1442 herbarum,
953 1358 1019 1441 non,
1032 1366 1185 1441 Hercules,

197 1451 288 1526 magis
310 1465 394 1527 quam
417 1450 531 1527 pinguis
556 1448 716 1510 adhaerens
732 1451 843 1526 digitis,
866 1450 943 1527 quod
965 1451 993 1509 in
1016 1449 1125 1526 argillis
1141 1467 1184 1509 ar·

198 1536 301 1612 guitur.
330 1531 453 1592 scrobes
466 1532 580 1612 quidem
591 1542 709 1610 regesta
720 1534 749 1592 in
760 1551 812 1592 eos
823 1534 900 1594 nulla
913 1533 1040 1612 conplet,
1056 1524 1085 1592 u't
1096 1533 1185 1592 densa
1194 1552 1218 1592 rs

199 1627 285 1696 atque
299 1629 363 1677 rara
375 1616 496 1676 adhunc
510 1617 623 1676 modum
636 1617 813 1694 deprehendi
826 1619 929 1696 possit,
945 1617 1082 1694 ferroque
1094 1617 1185 1674 omnis

86 1703 87 1710 ’
198 1700 358 1779 robiginem
373 1700 499 1760 obducit.
528 1717 584 1760 uec
597 1701 694 1778 gnaris
709 1709 757 1759 aut
771 1701 864 1760 levior
877 1702 951 1760 iusto
963 1699 1187 1777 deprehenditur

200 1786 340 1866 pondere.
373 1784 450 1861 qnod
468 1785 542 1842 enim
560 1784 672 1863 pondus
686 1792 782 1855 terrae
797 1785 899 1844 iustum
919 1784 1047 1860 intellegi
1064 1779 1185 1861 potest‘l
1261 1807 1262 1820 κ

157 1880 297 1947 ususque
312 1867 471 1927 lluminihus
492 1867 612 1943 adgesta
636 1886 752 1946 semper
773 1867 938 1943 laudabilis,
967 1868 1079 1944 quando
1101 1884 1186 1926 seue-

196 1961 282 2014 scant
298 1959 358 2010 sata
376 1949 519 2028 'quaedam
534 1967 616 2028 aqua.
647 1951 699 2011 sed
719 1965 814 2030 neque
827 1952 876 2011 illa
896 1969 970 2029 quae
986 1951 1115 2011 laudatur
1137 1951 1222 2014 diuae

198 2043 399 2116 praeterquam
416 2033 498 2092 salici
520 2035 597 2094 utilis
619 2036 747 2095 sentitur.
779 2038 852 2095 inter
874 2044 1040 2112 argumenta
1061 2034 1185 2112 stipulae

202 2117 360 2180 crassitudo
379 2126 439 2192 est,
459 2124 545 2177 ‘tanta
565 2118 672 2196 alloqui
692 2120 720 2177 in
738 2118 880 2178 Leborino
905 2117 1075 2197 Campaniae
1094 2115 1185 2178 nobili
1236 2110 1246 2118 '

201 2217 313 2280 campo,
328 2209 358 2259 ut
374 2200 444 2276 ligni
458 2202 523 2260 vice
541 2210 662 2262 utantur.
690 2203 742 2262 sed
759 2204 833 2262 idem
848 2202 939 2260 solnm
952 2201 1126 2277 ubicumque
1141 2218 1184 2260 ar·

201 2287 284 2346 duum
294 2301 396 2363 opere,
410 2284 528 2344 difficile
542 2285 628 2362 cultu,
638 2285 720 2344 bonis
733 2287 791 2344 suis
803 2285 896 2344 acrius
907 2301 1000 2362 paene
1013 2301 1097 2361 quam
1109 2285 1183 2344 vitiis
1259 2351 1260 2354 Ἴ

159 2380 193 2436 29
204 2376 304 2452 posset
318 2366 426 2443 adfligit
438 2367 604 2443 agricolam.
631 2377 659 2426 et
674 2367 879 2443 carbunculus,
902 2384 975 2445 quae
992 2367 1122 2428 terraita
1133 2385 1221 2430 vom
1259 2367 1260 2433 l

202 2458 292 2528 catur,
307 2450 451 2510 emendari
466 2451 524 2508 vite
543 2467 640 2510 macra
652 2450 776 2516 ¹videtur.
808 2469 871 2510 nam
886 2451 962 2511 tolus
974 2460 1052 2511 satur
1069 2468 1104 2510 ac
1117 2451 1184 2512 iria·

202 2535 268 2594 bilis
289 2533 432 2612 expetitur
446 2549 562 2611 quoque
573 2533 610 2594 ah
625 2534 797 2593 auctoribus.
829 2533 975 2610 Vergilius
990 2543 1018 2593 et
1033 2537 1106 2611 quae
1121 2535 1185 2594 leli·

204 2635 266 2678 cem
278 2616 352 2676 ierat
361 2631 418 2675 non
433 2616 687 2694 inprobatuitihus.
714 2616 866 2695 salsaeque
879 2626 973 2676 terrae
985 2617 1071 2677 multa
1083 2619 1186 2678 melius
1258 2601 1259 2695 i

203 2700 365 2775 creduntur,
382 2700 486 2760 tutiora
499 2717 520 2758 a
535 2701 609 2760 vitiis
631 2701 833 2760 innascentium
852 2700 1019 2759 animalium.
1048 2718 1105 2760 uec
1124 2701 1185 2760 col·

201 2784 246 2844 les
262 2799 352 2861 opere
372 2784 527 2859 nudantur,
550 2785 575 2842 si
591 2783 653 2860 quis
669 2785 761 2861 perite
775 2783 879 2858 lodiat,
900 2800 956 2842 nec
972 2785 1064 2862 campi
1084 2799 1223 2846 omnesao

200 2869 292 2927 minus
308 2864 387 2926 soles
404 2876 488 2946 atque
504 2866 640 2944 perflatus
657 2883 739 2944 quam
755 2880 827 2943 opus
842 2867 879 2924 sit
889 2867 1042 2944 accipiunt,
1059 2875 1088 2925 et
1099 2885 1185 2945 quas-

161 2965 218 3008 aa·
231 2951 295 3010 dam
310 2950 417 3028 pruinis
433 2949 593 3008 scanebnlis
609 2951 689 3026 pasci
705 2949 824 3008 diximus
841 2949 915 3008 vitis.
946 2948 1073 3009 Omnium
1105 2967 1185 3010 erum
1257 2939 1258 2957 ¹

203 3043 267 3094 sunt
282 3033 420 3111 quaedam
431 3033 460 3091 ln
475 3033 533 3092 alto
546 3041 659 3092 secreta
675 3041 703 3091 et
714 3049 766 3090 suo
781 3033 884 3110 cuique
896 3032 984 3092 corde
997 2968 1183 3111 perviienda.

160 3125 195 3180 30
207 3117 279 3190 Quid
295 3115 371 3196 quod
385 3124 526 3175 mutantur
538 3132 627 3192 saepe
642 3115 763 3174 indicata
780 3131 894 3193 quoque
911 3123 940 3173 et
960 3116 1006 3174 diu
1022 3115 1184 3194 conperta?
1256 3177 1257 3184 ,

202 3199 233 3259 In
254 3198 404 3259 Thessalia
430 3200 506 3258 circa
526 3197 651 3257 Larisam
676 3198 780 3256 emisso
807 3198 870 3259 lacu
896 3198 1026 3274 lrigidior
1049 3199 1229 3262 lactasses
1256 3191 1257 3219 ¹

201 3285 284 3359 reglc
300 3291 354 3356 est,
369 3281 512 3359 oleaeque
529 3281 675 3339 desierunt
697 3297 770 3358 quae
791 3283 869 3359 prius
884 3280 1005 3343 lucrant.
1035 3283 1103 3342 item
1116 3284 1185 3343 vitis

91 3425 92 3429 ,
204 3366 294 3441 aduri,
314 3366 389 3444 quod
404 3383 461 3425 non
480 3371 573 3439 antea,
591 3363 689 3424 henos
704 3366 794 3423 sensit
807 3362 920 3423 admoto
936 3364 1044 3440 Hebro,
1061 3373 1090 3424 et
1105 3368 1185 3427 circa

203 3447 350 3530 Philippos
366 3449 474 3510 cultura
490 3449 598 3508 siccata
616 3446 698 3523 regio
716 3448 831 3508 mutavit
846 3447 920 3509 caeli
941 3447 1073 3510 habitum.
1107 3459 1138 3510 at
1157 3452 1186 3508 in
1255 3449 1256 3472 ¹
