2534 3866
277 199 714 285 nnmmsmxvrn121a-1‘a
746 205 898 283 (ao-34.)
979 185 982 192 ’
1021 203 1080 264 115

86 368 251 444 rotundum,
276 368 360 442 leve,
379 368 498 427 arietino
512 368 620 444 minus,
646 367 723 445 quod
737 368 841 445 religio
856 370 1016 447 pervigiliis
1030 370 1079 431 ad·

85 453 174 514 hibet.
208 461 299 512 estet
316 451 462 510 'cicercula
478 452 576 511 minuti
594 453 713 527 ciceris,
736 452 912 530 inaequalis,
937 454 1079 530 angulosi,

85 537 175 596 veluti
192 537 303 615 pisum,
335 532 528 596 dulcissimum
545 542 637 594 antem
661 533 689 592 id
712 536 790 612 quod
807 553 878 596 ervo
901 536 1079 612 simillimum,

87 620 253 697 firmiusque
273 617 350 696 quod
364 618 475 694 nigrum
491 627 521 677 et
534 617 627 677 rufum
643 633 727 696 quarn
738 620 821 696 qnod
837 618 941 678 album.

65 695 77 757 ε’
153 701 237 780 (33.)
260 702 387 778 Siliquae
401 701 541 760 rotundae
560 702 665 776 ciceri,
689 702 797 760 ceteris
812 702 985 778 leguminum
1001 702 1123 766 lon-125

85 805 144 864 gae
160 794 189 845 et
204 786 239 846 ad
255 786 372 861 lignem
389 785 503 844 seminis
519 784 610 860 latae,
635 785 700 862 piso
716 784 903 860 cylindratae.
936 785 1081 864 phasiolo·

86 888 149 930 rum
177 886 240 929 cum
267 868 337 945 ipsis
367 867 535 928 manduntur
566 869 672 943 granis.
716 885 818 928 serere
849 886 901 929 ecs
929 887 984 948 qua
1009 869 1082 928 velis

87 963 165 1013 terra
181 953 250 1012 licet
265 950 301 1010 ab
318 950 411 1010 idibus
427 949 564 1010 Octobris
579 952 608 1009 in
623 951 764 1011 kalendas
778 950 961 1024 Novembris.
990 952 1082 1030 legn-
1138 1014 1143 1030 ,

87 1039 178 1111 mina,
199 1053 262 1094 cnm
278 1042 477 1094 maturescere
493 1044 669 1112 coeperunt,
695 1036 833 1113 rapienda
848 1045 928 1112 sunt,
950 1039 1086 1115 quoniam

53 1143 78 1183 10
89 1122 147 1181 cito
175 1118 310 1181 exsiliunt
335 1116 483 1194 latentque
515 1135 579 1177 cum
603 1116 759 1194 decidere,
791 1118 866 1178 sicut
892 1127 922 1178 et
946 1119 1082 1197 lupinum.

91 1203 139 1264 13.
162 1205 332 1280 quamquam
356 1202 435 1279 prins
452 1200 488 1260 de
510 1201 589 1279 rapis
612 1202 720 1261 dixisse
745 1202 913 1278 conveniat,
935 1235 976 1249 —
999 1201 1082 1280 (34.)

80 1291 117 1347 rin
135 1295 301 1346 transcursu
323 1302 357 1344 ea
379 1285 502 1360 attigere
520 1285 627 1360 nostri,
652 1283 738 1362 paulo
759 1285 925 1362 diligentius
947 1283 1061 1361 Graeci,
1075 1295 1126 1349 lati
1172 1289 1177 1298 “

90 1380 119 1430 et
137 1371 192 1449 ipsi
209 1378 304 1429 tamen
324 1369 399 1427 inter
418 1367 582 1442 hortensia,
601 1401 642 1414 —-
659 1369 684 1426 si
704 1369 793 1428 iustus
814 1369 886 1429 ordo
905 1369 970 1444 liat,
990 1387 1006 1430 a
1026 1369 1083 1431 iru-

89 1463 185 1513 mento
207 1453 337 1531 protinus
359 1460 408 1511 aut
433 1455 513 1511 certe
537 1450 604 1512 faba
629 1451 777 1528 dicendis,
808 1453 921 1530 quando
949 1451 997 1514 alii
1014 1471 1083 1513 usus

54 1565 79 1605 15
89 1537 282 1617 praestantior
298 1535 334 1596 ab
349 1535 393 1595 his
408 1552 466 1594 uon
483 1543 537 1594 est.
568 1543 635 1594 ante
651 1536 883 1612 omnianamque
899 1537 1008 1595 cunctis
1025 1538 1082 1596 ani-

44 1617 47 1630 '
89 1621 211 1682 malibus
240 1628 411 1693 nascuntur,
444 1636 500 1678 nec
527 1619 556 1677 in
579 1617 742 1676 novissimis
767 1614 870 1677 satiant
891 1620 964 1678 ruris
989 1619 1084 1678 alitum

91 1721 207 1783 quoque
222 1719 342 1778 genere,
351 1701 502 1777 magisque
519 1703 545 1760 si
558 1701 755 1778 decoquantur
770 1719 852 1778 aqua.
877 1701 1068 1780 quadripedes
1078 1710 1126 1764 lii

91 1799 120 1849 et
140 1787 244 1847 ironde
274 1801 374 1844 eorum
396 1783 537 1859 gaudent,
565 1794 594 1844 et
619 1784 805 1843 domininon
830 1785 938 1843 minore
962 1785 1084 1864 rapicio-

91 1891 154 1933 rum
169 1872 228 1932 suis
249 1868 328 1928 horis
347 1868 439 1944 gratia
457 1883 540 1946 quarn
556 1885 713 1943 amarum,
735 1866 900 1927 flavidcmm
917 1884 1033 1946 quoque
1056 1875 1086 1928 et

57 1959 122 2022 acin
151 1953 264 2015 horreis
292 1959 476 2010 enecatorum
506 1951 555 2010 vel
582 1953 690 2010 maiore
717 1969 798 2028 quam
827 1952 985 2012 virentium.
1022 1952 1085 2031 ipsa

93 2056 165 2099 vero
185 2037 287 2098 durant
305 2042 334 2093 et
356 2035 384 2092 in
408 2052 458 2094 sna
479 2043 558 2093 terra
577 2043 692 2093 servata
715 2043 743 2093 et
760 2043 862 2112 postea
882 2053 970 2114 passa
992 2053 1085 2114 paene

93 2123 131 2183 ad
145 2122 230 2182 alium
248 2127 434 2199 proventum,
451 2116 613 2194 famemque
629 2118 729 2176 sentiri
744 2117 908 2196 prohibent.
930 2120 1028 2178 avino
1045 2129 1084 2180 at·
1160 2171 1165 2181 r

68 2197 73 2210 ’
94 2225 152 2285 que
171 2209 278 2264 messe'
293 2203 394 2262 tertius
419 2200 473 2259 hic'
492 2201 690 2277 transpadanis
715 2199 833 2262 irnctus.
866 2199 984 2260 Terram
1009 2218 1065 2261 non
1078 2212 1128 2266 liii

95 2307 214 2350 morose
232 2287 329 2364 eligit,
349 2303 442 2364 paene
458 2283 506 2350 ubi
526 2283 596 2343 nihil
616 2283 692 2344 aliud
718 2284 776 2342 seri
795 2284 897 2360 possit.
930 2281 1042 2342 nebulis
1058 2294 1086 2342 et

59 2375 205 2454 aspruinis
227 2389 261 2431 ac
276 2370 387 2446 frigore
405 2369 481 2428 ultro
504 2367 631 2444 aluntur,
654 2365 838 2444 amplitudine
861 2365 992 2426 mirabili.
1029 2367 1087 2426 vidi

95 2471 143 2520 x1«
160 2456 249 2517 libras
268 2452 451 2514 excedentia.
484 2449 517 2510 ln
533 2451 605 2510 cibis
624 2451 738 2528 quidem
757 2451 863 2511 nostris
883 2448 1013 2528 pluribus
1027 2466 1088 2510 mo·

95 2543 140 2604 dis
157 2537 405 2609 commendantur,
429 2535 587 2612 durantque
604 2535 726 2611 adalia,
746 2535 853 2612 sinapis
867 2534 1022 2594 acrimonia
1037 2534 1086 2610 do-

95 2627 181 2699 mita,
204 2624 288 2681 etiam
308 2618 454 2681 coloribus
471 2619 548 2695 picta
568 2627 685 2696 praeter
704 2636 783 2678 suum
805 2636 859 2677 sex
879 2617 961 2694 aliis,
982 2635 1087 2696 purpu·
1169 2685 1173 2694 ¹

96 2725 150 2769 reo
170 2722 295 2784 quoque.
325 2720 419 2780 neque
433 2700 510 2760 aliud
528 2701 556 2758 in
574 2699 644 2760 cibis
660 2701 749 2776 tingui
767 2701 863 2760 decet.
891 2699 1004 2761 Genera
1019 2717 1069 2761 eo·
1079 2709 1132 2763 129

62 2810 161 2855 acrum
178 2788 280 2850 Graeci
298 2787 354 2847 duo
370 2787 460 2864 prima
480 2781 591 2856 iecere,
609 2783 794 2844 mascnlinum
808 2783 1040 2861 semiuirumque,
1060 2792 1089 2842 et

99 2894 135 2936 ea
152 2871 268 2934 serendi
284 2869 369 2929 modo
395 2888 431 2929 ex
446 2865 550 2927 eodem
564 2867 682 2926 semine.
712 2865 847 2926 densiore
861 2865 934 2924 enim
949 2875 1011 2929 satu
1031 2884 1088 2926 ma·

100 2957 287 3029 coalescere,
311 2955 378 3013 item
403 2954 432 3009 in
448 2960 526 3010 terra
543 2948 661 3009 difficili.
698 2965 797 3008 semen
818 2951 1009 3028 praestantius
1032 2963 1088 3026 quo
1169 3001 1171 3007 s

101 3040 243 3102 subtilius.
267 3037 390 3116 Species
404 3051 476 3093 vero
494 3033 617 3092 omnium
632 3041 702 3092 tres.
741 3041 789 3093 aut
806 3034 879 3092 enim
896 3033 924 3091 in
945 3031 1067 3092 latitudi·
1081 3041 1133 3095 130

101 3143 167 3185 nem
190 3122 285 3197 tundi,
316 3119 415 3181 autin
439 3117 638 3177 rotunditatem
665 3113 787 3191 globati.
824 3117 936 3176 tertiam
960 3116 1089 3192 speciem

68 3210 267 3274 sasilvestrem
282 3204 487 3282 appellavere,
510 3201 538 3259 in
553 3200 756 3277 longitudinem
775 3199 873 3260 radice
890 3208 1088 3277 procurrente,

102 3291 224 3371 raphani
240 3288 420 3348 similitudine
444 3292 473 3344 et
489 3284 560 3343 iolio
583 3283 723 3360 anguloso
741 3283 919 3362 scabroque‚
941 3299 1010 3342 succ
1030 3284 1090 3343 acri

105 3377 153 3454 qui
168 3377 246 3434 circa
271 3386 397 3430 messem
414 3375 553 3446 exceptus
568 3366 669 3426 oculos
685 3375 790 3445 purget
803 3365 1007 3444 medeaturque
1022 3366 1088 3426 cali·

105 3461 163 3537 gini
181 3454 400 3518 admixtolacte
419 3453 574 3512 mulierum.
609 3449 730 3527 Frigore
754 3449 968 3591 dulcioraglieri
992 3450 1090 3510 eristi·
