2534 3866
173 191 241 254 108Ι
385 185 387 190 ’
522 201 664 250 c.1³r.1u1
681 199 829 250 sacrator
1263 239 1264 322 1

168 358 275 421 babent
288 357 341 419 lar.
371 364 416 416 cst
431 363 461 416 et
475 353 549 416 haec
564 354 690 415 ltaliae
681 372 709 414 m
725 350 1040 433 Campaniamaxume,
1056 373 1202 416 semen·
1263 347 1264 397 ἶ

128 461 225 522 mque
240 440 414 521 appellatur.
446 438 505 499 boc
520 438 607 498 habet
621 455 725 498 nomeu
739 455 796 498 res
801 438 968 535 praeclara,
989 448 1019 500 ut
1034 456 1103 500 urox
1117 440 1170 500 do·

170 527 309 600 cebiruus,
322 533 443 603 propter
459 540 542 602 quam
552 521 695 582 Homerus
706 511 894 601 ζείδωρος
873 541 1002 603 upoopu
1013 523 1094 599 drxut
1112 542 1171 584 non

168 620 199 671 ut
211 611 299 688 aliqui
315 608 497 706 arbitrantur,
515 605 648 702 quoniam
659 607 745 666 vitam
758 606 888 669 donaret
917 608 1040 683 amylum
1052 624 1170 687 quoquo

70 759 72 770 Α
125 706 207 761 etex
221 711 255 754 ea
271 693 303 752 iit
317 693 415 770 priore
432 690 568 750 crassius.
596 688 672 748 baec
688 690 751 749 sola
767 689 927 750 differentia
947 701 1001 752 est.
1032 690 1077 750 Ex
1093 692 1193 751 omnia

169 795 279 857 genere
294 776 472 837 durissimum
485 772 530 834 lar
545 782 574 833 et
590 781 690 838 contra
706 773 817 832 hiemes
833 772 1030 835 firmissimum.
1063 776 1170 852 patitur
1264 807 1265 810 ¹

167 861 369 940 frigidissimos
384 859 467 919 locos
483 865 512 916 et
525 857 616 916 minus
631 856 769 917 subactos
785 855 834 916 rel
848 867 1010 918 aestuosos
1034 859 1169 922 sitientis·
1264 865 1265 910 l

168 963 234 1025 que.
262 945 368 1024 primus
383 940 505 1019 antiquis
520 939 601 1000 Latio
617 940 698 1000 cibus
706 957 835 1017 ,magno
858 952 1028 1018 argumento
1050 944 1080 1002 in
1099 943 1169 1008 ado·

136 1048 239 1090 aureae
255 1028 348 1102 donis,
363 1025 448 1085 sicuti
462 1024 610 1084 diximus.-
631 1025 710 1103 pulte
729 1033 842 1100 autem,
868 1043 927 1086 non
946 1045 1038 1116 pane,
1058 1027 1169 1086 vixisse

156 1114 255 1198 longo
270 1120 401 1188 tempore
419 1107 566 1169 Romanos
580 1109 770 1184 manifestum
786 1110 920 1187 quoniam
933 1119 964 1170 et
979 1103 1206 1190 pulmentarium

125 1188 311 1272 84'bodieque
326 1193 465 1253 dicuntur.
503 1202 532 1252 ct
546 1191 654 1255 Ennius
676 1193 888 1270 antiquissimus
911 1203 993 1270 vates
1010 1194 1168 1254 obsidionis

166 1281 269 1341 famem
293 1279 458 1356 exprimens
481 1277 566 1337 ollam
589 1279 730 1355 eripuisse
748 1275 939 1354 plorantibus
949 1278 1049 1338 liberis
1068 1286 1168 1355 patres

167 1370 371 1424 conmemorat.
406 1369 435 1420 et
449 1360 536 1420 lrodie
553 1377 637 1427 sacra
652 1361 749 1438 prisca
764 1369 852 1440 atque
867 1363 1000 1422 natalimrr
1021 1361 1100 1440 pulte
1118 1361 1167 1421 lri·
1265 1368 1266 1404 l

165 1447 227 1506 tilla
242 1445 441 1520 coniiciuntur,
455 1445 627 1523 videturque
641 1453 698 1504 tam
713 1443 779 1522 puls
800 1446 899 1527 ignota
915 1445 1056 1507 Graeciae
1075 1445 1168 1505 luisse
1264 1405 1266 1500 i

166 1547 250 1609 quam
266 1528 365 1589 ltaliae
379 1527 507 1606 polenta.
686 1575 688 1580 ,
1177 1545 1204 1586 ιι

123 1621 157 1675 85
227 1613 316 1692 (20.)
332 1614 373 1692 [ll
390 1611 490 1672 Tritici
504 1613 613 1672 semine
628 1612 739 1673 avidius
754 1611 863 1672 nullum
880 1622 926 1674 est
941 1631 995 1672 nec
1010 1612 1088 1691 qnod
1101 1611 1167 1690 plus

166 1697 293 1758 alimenti
322 1697 425 1757 trahat.
475 1693 618 1773 siliginem
638 1696 757 1775 proprie
779 1695 900 1756 dixerim
923 1699 1010 1776 tritici
1035 1697 1165 1756 delicias.

167 1782 274 1842 candor
289 1790 336 1841 est
351 1790 380 1840 et
397 1781 459 1842 siue
481 1781 602 1856 virtute,
624 1779 686 1840 sine
710 1779 858 1858 pondere,
875 1782 1049 1840 conueniens
1064 1780 1167 1840 umidis

166 1866 321 1940 tractibus,
349 1864 451 1941 quales
475 1863 577 1924 Italiae
603 1871 717 1923 suntet
739 1863 848 1924 Galliae
872 1861 1020 1925 Comatae.
1057 1864 1110 1924 sed
1137 1873 1168 1923 et

165 1957 242 2009 trans
259 1947 343 2025 Alpis
357 1949 386 2006 in
399 1946 592 2024 Allobrogum
612 1955 718 2006 tantum
738 1946 983 2027 llemiuorumque
1006 1965 1076 2026 agro
1100 1966 1165 2026 per·
1174 1963 1203 2004 ao

165 2032 253 2107 bnax,
270 2032 298 2090 in
315 2033 422 2112 ceteris
434 2031 473 2091 ibi
487 2030 616 2109 partibus
631 2029 746 2091 biennio
759 2033 787 2092 in
798 2031 921 2092 triticum
931 2029 1040 2093 transit.
1071 2050 1165 2092 renue·

123 2113 242 2177 eddium
256 2123 287 2174 ut
300 2116 470 2192 grauissima
484 2131 616 2194 quaeque
631 2133 720 2191 mana
736 2116 798 2174 eius
814 2125 953 2176 serantur.
998 2117 1027 2178 9.
1059 2113 1085 2176 Ε
1106 2115 1165 2174 sili·

165 2199 232 2274 gine
262 2199 435 2259 lautissimus
462 2199 544 2277 panis
572 2198 811 2277 pistrinarumque
842 2215 933 2277 opera
959 2199 1163 2260 laudatissima.

164 2283 316 2359 praecellit
329 2284 358 2342 iu
373 2282 470 2358 ltalia,
491 2283 516 2342 si
533 2279 677 2359 Garupana
691 2281 764 2341 Pisis
781 2290 866 2342 natac
880 2285 1044 2344 misceatur.
1075 2282 1166 2342 rnlior

165 2366 231 2444 illa,
253 2376 282 2426 at
303 2367 406 2428 Pisana
426 2365 573 2426 candidior
598 2363 850 2444 ponderosiorque
878 2375 1022 2426 cretacea.
1060 2369 1201 2428 iustumaa

166 2459 211 2509 est
230 2467 246 2508 c
266 2467 356 2525 grano
373 2447 535 2526 Campanae
552 2464 639 2534 quam
652 2457 757 2508 vocant
772 2458 939 2530 castratam,
956 2451 1082 2511 ennodio
1098 2449 1163 2510 red·

166 2533 209 2591 ire
229 2535 373 2592 sextarios
393 2540 527 2610 quattuor
547 2525 668 2608 siliginis
683 2532 732 2591 vel
753 2534 900 2611 egregali
920 2535 982 2592 sine
1004 2543 1166 2594 castratura

125 2617 310 2678 etsextarios
322 2617 459 2695 quinque,
478 2614 720 2694 praetercadoris
733 2618 901 2693 semodium,
914 2625 944 2676 et
956 2615 1068 2696 cibarii,
1084 2607 1164 2697 quod

164 2699 363 2760 secundarium
377 2707 493 2775 vocant,
509 2699 652 2758 sextarios
666 2708 811 2778 quattuor,
825 2700 943 2761 imbuis
952 2704 1095 2761 sextarios
1106 2710 1162 2762 tot·

165 2782 254 2858 idem,
276 2801 292 2842 e
309 2783 410 2844 Pisana
426 2792 520 2843 auteur
536 2782 659 2859 siliginis
675 2785 819 2845 sextarios
835 2786 976 2863 quinque,
999 2794 1096 2845 cetera
1111 2803 1162 2864 pa·
1151 2801 1199 2843 -au

162 2868 205 2926 ria
227 2875 300 2926 sunt.
341 2862 457 2926 (llusina
482 2866 673 2944 Arretinaque
692 2869 844 2929 etiamnum
869 2871 1015 2928 sextarios
1039 2869 1162 2945 siliginis

163 2949 302 3026 adiciunt,
321 2950 349 3008 in
364 2950 483 3027 reliquis
506 2967 603 3028 pares.
640 2952 756 3010 sivero
777 2951 915 3028 pollinem
938 2952 1039 3012 iacere
1060 2952 1161 3028 libeat,

163 3047 223 3095 xvt
237 2994 334 3113 pondo
351 3034 434 3112 panis
445 3034 567 3093 redeunt
578 3042 607 3092 et
620 3034 718 3094 cibarii
730 3034 783 3093 tria
795 3034 990 3114 furfurumque
1003 3037 1161 3096 semodius.

164 3118 257 3178 molae
274 3118 436 3178 discrimine
453 3117 510 3176 boc
527 3125 648 3176 constat.
675 3134 739 3178 naor
754 3134 828 3195 quae
845 3120 922 3178 sicca
936 3118 1079 3180 moluntur
1094 3118 1160 3198 plus

101 3253 104 3258 .
163 3201 273 3260 farinae
291 3201 429 3278 reddunt,
445 3199 520 3279 quae
537 3199 615 3260 salsa
631 3217 704 3278 aqua
720 3218 822 3279 sparsa
838 3201 1030 3264 candidiorem
1049 3201 1159 3263 medul·
1170 3218 1197 3262 at

121 3283 236 3359 belant,
253 3301 352 3344 uerum
367 3284 433 3363 plus
450 3285 574 3344 retinent
587 3286 616 3343 iu
631 3283 752 3344 furfure.
778 3285 909 3345 Farinam
925 3304 942 3346 a
957 3287 1035 3347 farre
1056 3287 1161 3348 dictatu

162 3368 275 3427 nomine
290 3370 354 3447 ipso
369 3368 498 3447 adparet.
529 3369 679 3446 siligineae
694 3365 804 3428 iariuae
818 3369 929 3430 modius
941 3369 1068 3431 Gallicae
1083 3383 1160 3432 xm

161 3450 250 3510 libras
263 3452 342 3530 panis
356 3452 468 3530 reddit,
486 3449 603 3512 ltalicae
620 3449 730 3511 duabus
743 3452 871 3514 tribusve
892 3454 1012 3532 aurpbus
1033 3455 1061 3513 in
1082 3463 1169 3530 arto·-
