2534 3866
180 141 240 203 ‹82
542 149 572 198 c.
588 149 682 197 curru
698 148 845 198 succum

199 310 333 382 quattuor
344 319 475 380 gemmae
489 302 646 364 obruuntur
663 303 699 364 ad
717 303 843 364 radicem
865 301 1047 381 capiendam,
1064 311 1145 363 extra
1159 303 1188 364 in

157 396 209 450 205
223 386 318 464 capite
334 385 419 447 binae
432 385 616 448 relincuntnr.
647 386 714 446 vitis
728 389 756 446 in
773 387 893 456 arbusto,
906 394 1038 464 quattuor
1053 385 1145 464 pedes
1159 387 1189 448 in

201 470 290 547 longo
309 479 430 546 constat,
447 470 521 529 omni
537 470 686 530 sulcotrls
702 469 770 548 lato,
786 469 844 530 alto
859 469 932 530 duos
948 488 1010 529 cum
1028 470 1187 548 semipede.

200 563 267 632 post
284 572 385 614 anuum
401 569 532 632 propago
552 553 684 613 inciditur
704 553 740 614 ad
755 553 923 628 medullam,
945 562 975 614 ut
993 551 1128 631 paulatim
1142 570 1187 614 ra·

199 637 309 699 dinibus
325 640 383 697 suis
399 637 559 698 adsuescat.
591 635 715 696 caulisa
736 639 830 716 capite
851 636 886 696 ad
907 636 977 697 duas
1000 652 1127 713 gemmas
1141 653 1213 698 res

200 722 320 798 ciditnr,
343 724 428 794 tertio
443 729 517 783 totus
531 738 647 797 mergus
662 719 817 780 absciditur
836 719 1042 799 reponiturque
1059 719 1146 779 altius
1160 721 1188 778 in

200 815 322 880 terram,
345 824 382 868 nc
404 823 442 864 ex
463 805 559 864 reciso
579 803 721 864 frondeat.
757 803 821 863 tolli
840 802 991 864 viveradix
1010 819 1027 863 a
1047 803 1189 864 vindemia

158 898 210 953 206
221 890 350 967 protinus
378 887 474 947 debet.
498 887 573 965 ,1241
604 885 703 964 Nuper
729 895 877 966 repertum
905 886 1061 947 draconem
1087 903 1207 948 serere,

199 975 276 1033 iuxta
292 969 440 1046 arborem,
456 1003 496 1018 --
513 972 551 1030 ita
566 969 745 1049 appellamus
767 970 913 1050 palmitem
932 971 1080 1032 emeritum
1100 968 1188 1048 pluri-

199 1055 311 1132 busque
331 1053 488 1114 induratum
505 1056 596 1130 annis,
617 1087 658 1102 -
678 1054 752 1114 bunc
772 1055 935 1133 praecisum
956 1070 1039 1131 quam
1059 1070 1188 1114 maxuma
1200 1071 1225 1114 no

200 1136 394 1215 amplitudine,
410 1137 500 1197 tribus
516 1137 643 1217 partibus
657 1137 844 1216 longitudinis
859 1137 962 1198 deraso
979 1135 1101 1212 cortice,
1119 1154 1188 1214 qua·

200 1230 283 1280 tenus
308 1219 460 1296 obruatur,
481 1221 556 1282 unde
579 1231 609 1282 et
630 1221 747 1282 rasilem
766 1229 887 1296 uocant,
908 1219 1071 1298 deprimere
1092 1219 1188 1296 sulco,

199 1303 311 1380 reliqna
326 1313 408 1382 parte
423 1306 459 1366 ad
475 1305 609 1366 arborem
623 1315 733 1381 erecta,
752 1305 916 1366 ocissimum
930 1305 959 1363 in
973 1305 1042 1364 vite.
1076 1304 1107 1363 Si
1121 1321 1188 1380 gra·

200 1386 263 1447 cilis
279 1387 315 1446 sit
328 1388 395 1446 vitis
410 1398 459 1451 aut
473 1398 560 1464 terra,
575 1389 706 1449 usitatum
720 1396 765 1447 est
779 1405 861 1465 quam
877 1404 1016 1466 proxume
1031 1387 1124 1447 solum
1138 1387 1188 1447 de·

200 1469 273 1546 cidi,
289 1471 384 1530 donec
398 1471 524 1534 lirmetur
540 1472 639 1548 radix,
660 1473 734 1531 sicut
747 1489 843 1549 neque
856 1471 1000 1532 roscidam
1020 1471 1078 1530 seri
1092 1488 1188 1549 neque
1199 1487 1223 1528 n

201 1571 217 1613 a
231 1556 436 1631 septentrionis
451 1555 528 1616 llatu.
555 1557 629 1633 uites
644 1555 808 1634 aquilonem
823 1563 958 1634 spectare
973 1553 1080 1616 debent
1095 1556 1188 1633 ipsae,

158 1645 209 1700 aot
221 1636 353 1715 palmites
368 1646 462 1699 antem
480 1657 576 1699 earum
590 1638 747 1702 meridiem.
780 1639 837 1718 [25]
859 1638 923 1698 Non
939 1647 985 1698 est
998 1638 1189 1698 festinandum

202 1719 237 1780 ad
254 1723 428 1800 putationem
448 1723 598 1799 novellae,
615 1721 668 1782 sed
683 1719 818 1801 primcin
835 1721 960 1782 circulos
975 1722 1110 1782 materies
1128 1722 1188 1782 col·

202 1804 333 1881 ligeada,
353 1823 408 1864 nec
429 1807 483 1865 nisi
502 1806 613 1866 ualidae
632 1807 740 1884 putatio
762 1805 956 1880 admovenda,
980 1805 1092 1866 seriore
1113 1821 1188 1866 anno
1261 1855 1262 1880 ,

202 1888 264 1948 iere
282 1886 317 1947 ad
332 1887 454 1948 lructum
469 1888 583 1949 arbusta
598 1889 656 1948 vite
681 1908 765 1968 quam
780 1891 886 1968 iugata.
918 1898 983 1952 sunt
1002 1891 1050 1968 qui
1075 1890 1225 1970 omninoap

202 1971 295 2048 putari
326 1979 421 2030 vetant
451 1973 614 2051 priusquam
643 1972 775 2033 arborem
804 1972 981 2049 longitudine
1010 1973 1187 2050 aequauerit.

202 2053 293 2113 Prima
308 2053 383 2122 falce
399 2073 452 2116 sex
470 2056 562 2134 pedes
581 2074 598 2116 a
613 2065 691 2116 terra
706 2057 866 2132 recidatur,
891 2056 1009 2134 llagello
1030 2055 1105 2116 inira
1122 2055 1188 2115 reli·
1260 2065 1261 2121 l

205 2145 251 2196 cto
267 2146 296 2196 et
310 2140 389 2198 nasci
405 2149 507 2208 coacto
522 2141 718 2200 incurvatione
741 2140 888 2202 materiae.
920 2149 980 2200 tres
1001 2140 1028 2199 ei
1044 2157 1187 2217 gemmae,
1259 2213 1260 2220 ἵ

162 2229 281 2284 noanon
301 2223 434 2300 amplius,
457 2223 593 2300 deputato
617 2224 770 2302 supersint.
809 2241 846 2282 cn
868 2223 912 2284 his
933 2223 1030 2284 emissi
1054 2224 1189 2304 palmites

204 2321 343 2382 proxumo
355 2323 428 2364 anno
440 2306 501 2364 imis
514 2307 679 2381 ingerantur
693 2307 827 2382 scamnis,
838 2323 874 2366 ac
890 2324 943 2384 per
954 2307 1083 2384 singulos
1097 2325 1189 2368 annos
1198 2329 1227 2370 25

203 2387 238 2453 ad
253 2389 404 2462 superiora
419 2386 566 2462 scandant,
583 2388 686 2448 relicto
701 2407 817 2468 semper
832 2390 997 2450 duramento
1018 2393 1046 2450 in
1068 2391 1189 2469 singulis

202 2468 336 2530 tabulatis
358 2480 386 2530 et
407 2471 564 2530 emissario=
577 2489 632 2531 uno
655 2474 703 2550 qui
724 2475 826 2534 subeat
847 2491 938 2550 usque
961 2491 1017 2552 quo
1035 2475 1187 2552 placuerit.

204 2551 239 2611 de
255 2562 355 2612 cetero
371 2555 515 2631 putatione
532 2555 745 2632 omnidagella
756 2575 829 2635 quae
848 2574 987 2634 proxume
1001 2557 1127 2618 tulerunt
1142 2577 1189 2618 re·

203 2635 347 2713 cidantnr,
362 2655 443 2698 -nova
465 2639 640 2699 circumcisis
660 2640 785 2718 undique
806 2639 952 2718 capreolis
973 2650 1147 2719 spargantur
1162 2645 1190 2701 in

202 2717 344 2778 tabulatis.
369 2719 531 2782 vernacula
547 2723 655 2800 putatio
671 2722 791 2783 deiectis
808 2740 861 2801 per
875 2740 970 2784 ramos
987 2721 1082 2784 vitium
1101 2727 1188 2784 crini·
1200 2743 1228 2784 ao

201 2800 254 2862 bus
276 2801 467 2865 circumvestit
489 2805 621 2866 arborem
643 2807 786 2885 crinisqne
809 2807 889 2883 ipsos
915 2809 993 2883 uvis,
1022 2807 1132 2868 Gallica
1162 2811 1190 2868 in
1257 2805 1258 2809 ’

200 2884 333 2954 traduces
350 2889 518 2965 porrigitur,
542 2888 681 2950 Aemiliae
698 2893 762 2950 viae
781 2891 810 2948 in
825 2889 930 2950 ridicas
943 2891 1091 2952 atiniarum
1110 2893 1189 2952 arnb-

156 2977 210 3032 209
221 2969 276 3045 itu,
297 2969 427 3030 frondem
448 2989 542 3032 earum
562 2971 685 3050 fugiens.
717 2973 774 3050 [26]
796 2971 849 3032 Est
864 2975 1040 3052 quorundam
1055 2977 1190 3053 inperitia
1256 2951 1257 3039 l

201 3052 253 3111 snb
268 3071 347 3114 ramo
364 3056 449 3114 vitem
460 3055 578 3114 vinculo
594 3056 796 3133 suspendendi,
812 3057 971 3117 suffocante
984 3057 1092 3118 iniuria.
1117 3075 1188 3120 con·

200 3137 284 3194 tineri
300 3137 388 3198 debet
402 3139 521 3213 vimine,
544 3156 600 3198 non
615 3140 710 3199 artari.
729 3172 770 3184 —
790 3142 858 3219 quin
875 3142 958 3199 immo
975 3143 1059 3202 etiam
1081 3142 1230 3220 quibusas

201 3216 307 3280 salices
321 3230 473 3297 supersunt
487 3221 619 3282 molliore
636 3221 691 3282 lno'c
707 3224 822 3284 vinculo
843 3222 941 3284 iacere
960 3225 1066 3286 malunt
1081 3225 1189 3288 herba·
1255 3225 1256 3267 l

202 3317 258 3376 que
278 3304 368 3364 Siculi
388 3322 470 3383 quarn
490 3315 595 3366 vocant
615 3306 862 3386 ampelcdesmon‚
889 3306 1009 3369 Graecia
1031 3326 1102 3368 vero
1126 3312 1188 3370 uni·

198 3399 286 3444 uersa
308 3387 406 3464 iunco,
425 3406 550 3468 cypero,
571 3391 648 3452 ulva.
663 3421 706 3436 ·-
722 3390 842 3452 liberata
860 3409 979 3471 qnoque
999 3391 1116 3452 vinculo
1133 3412 1189 3473 per
1254 3411 1255 3497 p
