<?xml version="1.0" encoding="UTF-8"?>
<!DOCTYPE html PUBLIC "-//W3C//DTD XHTML 1.0 Transitional//EN"
    "http://www.w3.org/TR/xhtml1/DTD/xhtml1-transitional.dtd">
<html xmlns="http://www.w3.org/1999/xhtml" xml:lang="en" lang="en">
 <head>
  <title>
</title>
<meta http-equiv="Content-Type" content="text/html;charset=utf-8" />
  <meta name='ocr-system' content='tesseract 3.04.00' />
  <meta name='ocr-capabilities' content='ocr_page ocr_carea ocr_par ocr_line ocrx_word'/>
</head>
<body>
  <div class='ocr_page' id='page_1' title='image "./cplinisecundina23plingoog_0074.png"; bbox 0 0 2512 3858; ppageno 0'>
   <div class='ocr_carea' id='block_1_1' title="bbox 290 194 1127 280">
    <p class='ocr_par' dir='ltr' id='par_1_1' title="bbox 290 194 1127 280">
     <span class='ocr_line' id='line_1_1' title="bbox 290 194 1127 280; baseline -0.006 -19"><span class='ocrx_word' id='word_1_1' title='bbox 290 213 370 261; x_wconf 78' lang='lat' dir='ltr'><strong>uun.</strong></span> <span class='ocrx_word' id='word_1_2' title='bbox 388 194 860 280; x_wconf 74' lang='lat' dir='ltr'><strong>nien.xv1.1e—at.(31—at.)</strong></span> <span class='ocrx_word' id='word_1_3' title='bbox 1023 195 1061 257; x_wconf 88' lang='grc'><strong>17</strong></span> <span class='ocrx_word' id='word_1_4' title='bbox 1123 201 1127 208; x_wconf 89' lang='grc'><strong>“</strong></span> 
     </span>
    </p>
   </div>
   <div class='ocr_carea' id='block_1_2' title="bbox 74 363 1060 446">
    <p class='ocr_par' dir='ltr' id='par_1_2' title="bbox 74 363 1060 446">
     <span class='ocr_line' id='line_1_2' title="bbox 74 363 1060 446; baseline -0.007 -16"><span class='ocrx_word' id='word_1_5' title='bbox 74 370 120 430; x_wconf 85' lang='lat' dir='ltr'><strong>his</strong></span> <span class='ocrx_word' id='word_1_6' title='bbox 135 383 254 446; x_wconf 88' lang='lat' dir='ltr'><strong>quarum</strong></span> <span class='ocrx_word' id='word_1_7' title='bbox 266 365 399 444; x_wconf 81' lang='lat' dir='ltr'><strong>pinguior</strong></span> <span class='ocrx_word' id='word_1_8' title='bbox 414 381 501 424; x_wconf 84' lang='lat' dir='ltr'><strong>sucus</strong></span> <span class='ocrx_word' id='word_1_9' title='bbox 515 364 561 423; x_wconf 89' lang='lat' dir='ltr'><strong>sit.</strong></span> <span class='ocrx_word' id='word_1_10' title='bbox 589 363 652 441; x_wconf 91' lang='lat' dir='ltr'><strong>quis</strong></span> <span class='ocrx_word' id='word_1_11' title='bbox 664 364 738 422; x_wconf 89' lang='lat' dir='ltr'><strong>enim</strong></span> <span class='ocrx_word' id='word_1_12' title='bbox 753 371 849 442; x_wconf 90' lang='lat' dir='ltr'><strong>potest</strong></span> <span class='ocrx_word' id='word_1_13' title='bbox 862 364 890 422; x_wconf 90' lang='lat' dir='ltr'><strong>in</strong></span> <span class='ocrx_word' id='word_1_14' title='bbox 900 365 966 425; x_wconf 89' lang='lat' dir='ltr'><strong>ilice</strong></span> <span class='ocrx_word' id='word_1_15' title='bbox 978 363 1060 424; x_wconf 89' lang='lat' dir='ltr'><strong>intel-</strong></span> 
     </span>
    </p>
   </div>
   <div class='ocr_carea' id='block_1_3' title="bbox 6 445 1154 3612">
    <p class='ocr_par' dir='ltr' id='par_1_3' title="bbox 6 445 1154 3612">
     <span class='ocr_line' id='line_1_3' title="bbox 75 445 1062 529; baseline -0.005 -18"><span class='ocrx_word' id='word_1_16' title='bbox 75 447 199 529; x_wconf 74' lang='lat' dir='ltr'><strong>legere?</strong></span> <span class='ocrx_word' id='word_1_17' title='bbox 229 449 377 509; x_wconf 84' lang='lat' dir='ltr'><strong>Decidere</strong></span> <span class='ocrx_word' id='word_1_18' title='bbox 396 447 528 507; x_wconf 87' lang='lat' dir='ltr'><strong>Timaeus</strong></span> <span class='ocrx_word' id='word_1_19' title='bbox 553 446 767 506; x_wconf 88' lang='lat' dir='ltr'><strong>mathematicus</strong></span> <span class='ocrx_word' id='word_1_20' title='bbox 792 445 855 506; x_wconf 90' lang='lat' dir='ltr'><strong>sole</strong></span> <span class='ocrx_word' id='word_1_21' title='bbox 877 447 1062 526; x_wconf 82' lang='lat' dir='ltr'>scorpionem</span> 
     </span>
     <span class='ocr_line' id='line_1_4' title="bbox 6 530 1060 608; baseline -0.009 -8"><span class='ocrx_word' id='word_1_22' title='bbox 6 593 7 600; x_wconf 72' lang='grc'>,</span> <span class='ocrx_word' id='word_1_23' title='bbox 75 542 241 595; x_wconf 70' lang='lat' dir='ltr'>transeunte</span> <span class='ocrx_word' id='word_1_24' title='bbox 253 532 357 592; x_wconf 90' lang='lat' dir='ltr'><strong>sideris</strong></span> <span class='ocrx_word' id='word_1_25' title='bbox 371 532 400 590; x_wconf 86' lang='lat' dir='ltr'><strong>vi</strong></span> <span class='ocrx_word' id='word_1_26' title='bbox 416 540 445 590; x_wconf 88' lang='lat' dir='ltr'><strong>et</strong></span> <span class='ocrx_word' id='word_1_27' title='bbox 460 530 583 607; x_wconf 90' lang='lat' dir='ltr'><strong>quodam</strong></span> <span class='ocrx_word' id='word_1_28' title='bbox 596 545 709 592; x_wconf 82' lang='lat' dir='ltr'><strong>¹veneno</strong></span> <span class='ocrx_word' id='word_1_29' title='bbox 722 530 798 589; x_wconf 88' lang='lat' dir='ltr'><strong>aeris</strong></span> <span class='ocrx_word' id='word_1_30' title='bbox 808 537 902 608; x_wconf 88' lang='lat' dir='ltr'><strong>putat.</strong></span> <span class='ocrx_word' id='word_1_31' title='bbox 925 548 974 589; x_wconf 88' lang='lat' dir='ltr'><strong>eur</strong></span> <span class='ocrx_word' id='word_1_32' title='bbox 989 547 1060 608; x_wconf 88' lang='lat' dir='ltr'><strong>ergo</strong></span> 
     </span>
     <span class='ocr_line' id='line_1_5' title="bbox 6 612 1059 694; baseline -0.006 -16"><span class='ocrx_word' id='word_1_33' title='bbox 6 659 8 694; x_wconf 76' lang='lat'><strong>,</strong></span> <span class='ocrx_word' id='word_1_34' title='bbox 74 635 133 678; x_wconf 91' lang='lat' dir='ltr'><strong>non</strong></span> <span class='ocrx_word' id='word_1_35' title='bbox 153 617 254 678; x_wconf 89' lang='lat' dir='ltr'><strong>eadem</strong></span> <span class='ocrx_word' id='word_1_36' title='bbox 279 631 364 676; x_wconf 89' lang='lat' dir='ltr'><strong>eausa</strong></span> <span class='ocrx_word' id='word_1_37' title='bbox 393 614 544 675; x_wconf 84' lang='lat' dir='ltr'><strong>adversum</strong></span> <span class='ocrx_word' id='word_1_38' title='bbox 567 613 656 672; x_wconf 86' lang='lat' dir='ltr'><strong>omnis</strong></span> <span class='ocrx_word' id='word_1_39' title='bbox 681 612 808 691; x_wconf 89' lang='lat' dir='ltr'><strong>polleat,</strong></span> <span class='ocrx_word' id='word_1_40' title='bbox 833 613 895 671; x_wconf 89' lang='lat' dir='ltr'><strong>iure</strong></span> <span class='ocrx_word' id='word_1_41' title='bbox 917 613 1059 672; x_wconf 90' lang='lat' dir='ltr'><strong>miremur.</strong></span> 
     </span>
     <span class='ocr_line' id='line_1_6' title="bbox 51 695 1104 778; baseline -0.001 -18"><span class='ocrx_word' id='word_1_42' title='bbox 51 699 187 766; x_wconf 69' lang='lat' dir='ltr'><strong>illudunt</strong></span> <span class='ocrx_word' id='word_1_43' title='bbox 209 699 345 778; x_wconf 77' lang='lat' dir='ltr'><strong>plurumis</strong></span> <span class='ocrx_word' id='word_1_44' title='bbox 365 706 513 775; x_wconf 86' lang='lat' dir='ltr'><strong>autumno,</strong></span> <span class='ocrx_word' id='word_1_45' title='bbox 535 696 674 775; x_wconf 82' lang='lat' dir='ltr'><strong>quaedam</strong></span> <span class='ocrx_word' id='word_1_46' title='bbox 696 695 804 754; x_wconf 87' lang='lat' dir='ltr'><strong>tardius</strong></span> <span class='ocrx_word' id='word_1_47' title='bbox 828 697 954 756; x_wconf 84' lang='lat' dir='ltr'><strong>amittunt</strong></span> <span class='ocrx_word' id='word_1_48' title='bbox 977 703 1104 774; x_wconf 78' lang='lat' dir='ltr'><strong>atque83</strong></span> 
     </span>
     <span class='ocr_line' id='line_1_7' title="bbox 74 779 1061 860; baseline -0.006 -16"><span class='ocrx_word' id='word_1_49' title='bbox 74 787 101 844; x_wconf 90' lang='lat' dir='ltr'><strong>in</strong></span> <span class='ocrx_word' id='word_1_50' title='bbox 117 783 229 843; x_wconf 91' lang='lat' dir='ltr'><strong>hiemes</strong></span> <span class='ocrx_word' id='word_1_51' title='bbox 244 789 404 860; x_wconf 84' lang='lat' dir='ltr'><strong>prorogant</strong></span> <span class='ocrx_word' id='word_1_52' title='bbox 418 797 528 853; x_wconf 87' lang='lat' dir='ltr'><strong>moras,</strong></span> <span class='ocrx_word' id='word_1_53' title='bbox 549 796 644 856; x_wconf 89' lang='lat' dir='ltr'><strong>neque</strong></span> <span class='ocrx_word' id='word_1_54' title='bbox 664 780 785 838; x_wconf 89' lang='lat' dir='ltr'><strong>interest</strong></span> <span class='ocrx_word' id='word_1_55' title='bbox 803 779 939 838; x_wconf 88' lang='lat' dir='ltr'><strong>maturius</strong></span> <span class='ocrx_word' id='word_1_56' title='bbox 958 781 1061 855; x_wconf 86' lang='lat' dir='ltr'><strong>germi-</strong></span> 
     </span>
     <span class='ocr_line' id='line_1_8' title="bbox 73 861 1062 943; baseline -0.009 -13.634"><span class='ocrx_word' id='word_1_57' title='bbox 73 872 288 943; x_wconf 84' lang='lat' dir='ltr'><strong>nasse,.utpote</strong></span> <span class='ocrx_word' id='word_1_58' title='bbox 303 882 366 924; x_wconf 90' lang='lat' dir='ltr'><strong>oum</strong></span> <span class='ocrx_word' id='word_1_59' title='bbox 382 862 522 942; x_wconf 77' lang='lat' dir='ltr'><strong>quaedam</strong></span> <span class='ocrx_word' id='word_1_60' title='bbox 539 864 648 940; x_wconf 86' lang='lat' dir='ltr'><strong>prim&#39;ae</strong></span> <span class='ocrx_word' id='word_1_61' title='bbox 663 861 822 938; x_wconf 88' lang='lat' dir='ltr'><strong>germinent</strong></span> <span class='ocrx_word' id='word_1_62' title='bbox 838 871 867 920; x_wconf 90' lang='lat' dir='ltr'><strong>et</strong></span> <span class='ocrx_word' id='word_1_63' title='bbox 881 863 954 921; x_wconf 90' lang='lat' dir='ltr'><strong>iuter</strong></span> <span class='ocrx_word' id='word_1_64' title='bbox 967 863 1062 920; x_wconf 83' lang='lat' dir='ltr'><strong>novis·</strong></span> 
     </span>
     <span class='ocr_line' id='line_1_9' title="bbox 72 943 1064 1022; baseline -0.006 -12"><span class='ocrx_word' id='word_1_65' title='bbox 72 952 162 1010; x_wconf 86' lang='lat' dir='ltr'><strong>simas</strong></span> <span class='ocrx_word' id='word_1_66' title='bbox 176 943 331 1022; x_wconf 86' lang='lat' dir='ltr'><strong>nudentur,</strong></span> <span class='ocrx_word' id='word_1_67' title='bbox 341 954 371 1006; x_wconf 91' lang='lat' dir='ltr'><strong>ut</strong></span> <span class='ocrx_word' id='word_1_68' title='bbox 384 945 563 1022; x_wconf 71' lang='lat' dir='ltr'><strong>amygdalae,</strong></span> <span class='ocrx_word' id='word_1_69' title='bbox 578 944 700 1020; x_wconf 75' lang='lat' dir='ltr'><strong>fraxini,</strong></span> <span class='ocrx_word' id='word_1_70' title='bbox 708 943 817 1004; x_wconf 89' lang='lat' dir='ltr'><strong>sabuci.</strong></span> <span class='ocrx_word' id='word_1_71' title='bbox 858 961 954 1004; x_wconf 89' lang='lat' dir='ltr'><strong>morus</strong></span> <span class='ocrx_word' id='word_1_72' title='bbox 970 953 1064 1004; x_wconf 90' lang='lat' dir='ltr'><strong>autem</strong></span> 
     </span>
     <span class='ocr_line' id='line_1_10' title="bbox 73 1025 1126 1108; baseline -0.002 -16"><span class='ocrx_word' id='word_1_73' title='bbox 73 1033 228 1093; x_wconf 85' lang='lat' dir='ltr'><strong>novissima</strong></span> <span class='ocrx_word' id='word_1_74' title='bbox 242 1031 398 1108; x_wconf 89' lang='lat' dir='ltr'><strong>germinat,</strong></span> <span class='ocrx_word' id='word_1_75' title='bbox 422 1047 485 1090; x_wconf 92' lang='lat' dir='ltr'><strong>eum</strong></span> <span class='ocrx_word' id='word_1_76' title='bbox 505 1029 603 1106; x_wconf 90' lang='lat' dir='ltr'><strong>primis</strong></span> <span class='ocrx_word' id='word_1_77' title='bbox 621 1028 691 1088; x_wconf 89' lang='lat' dir='ltr'><strong>lolia</strong></span> <span class='ocrx_word' id='word_1_78' title='bbox 705 1027 825 1088; x_wconf 89' lang='lat' dir='ltr'><strong>dimittit.</strong></span> <span class='ocrx_word' id='word_1_79' title='bbox 859 1025 963 1104; x_wconf 87' lang='lat' dir='ltr'><strong>blagna</strong></span> <span class='ocrx_word' id='word_1_80' title='bbox 985 1037 1014 1087; x_wconf 91' lang='lat' dir='ltr'><strong>et</strong></span> <span class='ocrx_word' id='word_1_81' title='bbox 1033 1025 1126 1090; x_wconf 69' lang='lat' dir='ltr'><strong>inst·¹</strong></span> 
     </span>
     <span class='ocr_line' id='line_1_11' title="bbox 42 1111 1061 1191; baseline -0.004 -17"><span class='ocrx_word' id='word_1_82' title='bbox 42 1117 131 1176; x_wconf 88' lang='lat' dir='ltr'><strong>rohoo</strong></span> <span class='ocrx_word' id='word_1_83' title='bbox 148 1115 192 1173; x_wconf 88' lang='lat' dir='ltr'><strong>vis</strong></span> <span class='ocrx_word' id='word_1_84' title='bbox 207 1115 271 1174; x_wconf 91' lang='lat' dir='ltr'><strong>soli.</strong></span> <span class='ocrx_word' id='word_1_85' title='bbox 301 1114 381 1191; x_wconf 91' lang='lat' dir='ltr'><strong>prius</strong></span> <span class='ocrx_word' id='word_1_86' title='bbox 399 1111 534 1172; x_wconf 88' lang='lat' dir='ltr'><strong>decidunt</strong></span> <span class='ocrx_word' id='word_1_87' title='bbox 547 1113 577 1170; x_wconf 90' lang='lat' dir='ltr'><strong>in</strong></span> <span class='ocrx_word' id='word_1_88' title='bbox 591 1112 677 1173; x_wconf 87' lang='lat' dir='ltr'><strong>siccis</strong></span> <span class='ocrx_word' id='word_1_89' title='bbox 691 1111 869 1188; x_wconf 77' lang='lat' dir='ltr'><strong>maurisque,</strong></span> <span class='ocrx_word' id='word_1_90' title='bbox 886 1119 1061 1173; x_wconf 81' lang='lat' dir='ltr'><strong>etvetustae</strong></span> 
     </span>
     <span class='ocr_line' id='line_1_12' title="bbox 73 1194 1063 1278; baseline -0.005 -19"><span class='ocrx_word' id='word_1_91' title='bbox 73 1199 154 1278; x_wconf 89' lang='lat' dir='ltr'><strong>prius</strong></span> <span class='ocrx_word' id='word_1_92' title='bbox 167 1197 280 1272; x_wconf 88' lang='lat' dir='ltr'><strong>arbori,</strong></span> <span class='ocrx_word' id='word_1_93' title='bbox 300 1196 396 1254; x_wconf 88' lang='lat' dir='ltr'><strong>multis</strong></span> <span class='ocrx_word' id='word_1_94' title='bbox 419 1196 504 1257; x_wconf 85' lang='lat' dir='ltr'><strong>etiam</strong></span> <span class='ocrx_word' id='word_1_95' title='bbox 525 1203 676 1272; x_wconf 86' lang='lat' dir='ltr'><strong>autequam</strong></span> <span class='ocrx_word' id='word_1_96' title='bbox 696 1203 868 1256; x_wconf 72' lang='lat' dir='ltr'><strong>maturescat</strong></span> <span class='ocrx_word' id='word_1_97' title='bbox 887 1194 1011 1271; x_wconf 83' lang='lat' dir='ltr'><strong>fruetus,</strong></span> <span class='ocrx_word' id='word_1_98' title='bbox 1032 1203 1063 1254; x_wconf 93' lang='lat' dir='ltr'><strong>ut</strong></span> 
     </span>
     <span class='ocr_line' id='line_1_13' title="bbox 73 1277 1063 1355; baseline -0.006 -13"><span class='ocrx_word' id='word_1_99' title='bbox 73 1282 220 1342; x_wconf 86' lang='lat' dir='ltr'><strong>serotinae</strong></span> <span class='ocrx_word' id='word_1_100' title='bbox 232 1281 287 1340; x_wconf 88' lang='lat' dir='ltr'><strong>lieo</strong></span> <span class='ocrx_word' id='word_1_101' title='bbox 303 1289 332 1339; x_wconf 91' lang='lat' dir='ltr'><strong>et</strong></span> <span class='ocrx_word' id='word_1_102' title='bbox 345 1278 483 1354; x_wconf 77' lang='lat' dir='ltr'><strong>hibernae</strong></span> <span class='ocrx_word' id='word_1_103' title='bbox 505 1279 584 1355; x_wconf 88' lang='lat' dir='ltr'><strong>piro,</strong></span> <span class='ocrx_word' id='word_1_104' title='bbox 603 1287 635 1336; x_wconf 92' lang='lat' dir='ltr'><strong>et</strong></span> <span class='ocrx_word' id='word_1_105' title='bbox 656 1277 731 1337; x_wconf 91' lang='lat' dir='ltr'><strong>malo</strong></span> <span class='ocrx_word' id='word_1_106' title='bbox 751 1288 899 1354; x_wconf 88' lang='lat' dir='ltr'><strong>granatum</strong></span> <span class='ocrx_word' id='word_1_107' title='bbox 919 1278 995 1355; x_wconf 90' lang='lat' dir='ltr'><strong>quod</strong></span> <span class='ocrx_word' id='word_1_108' title='bbox 1018 1287 1063 1337; x_wconf 89' lang='lat' dir='ltr'><strong>est</strong></span> 
     </span>
     <span class='ocr_line' id='line_1_14' title="bbox 74 1360 1062 1444; baseline -0.005 -19"><span class='ocrx_word' id='word_1_109' title='bbox 74 1382 189 1444; x_wconf 92' lang='lat' dir='ltr'><strong>pomum</strong></span> <span class='ocrx_word' id='word_1_110' title='bbox 208 1372 314 1423; x_wconf 90' lang='lat' dir='ltr'><strong>tantum</strong></span> <span class='ocrx_word' id='word_1_111' title='bbox 334 1361 491 1439; x_wconf 82' lang='lat' dir='ltr'><strong>adspicitur</strong></span> <span class='ocrx_word' id='word_1_112' title='bbox 512 1362 540 1420; x_wconf 94' lang='lat' dir='ltr'><strong>in</strong></span> <span class='ocrx_word' id='word_1_113' title='bbox 560 1369 662 1428; x_wconf 84' lang='lat' dir='ltr'><strong>matre.¹</strong></span> <span class='ocrx_word' id='word_1_114' title='bbox 687 1360 792 1438; x_wconf 88' lang='lat' dir='ltr'><strong>Neque</strong></span> <span class='ocrx_word' id='word_1_115' title='bbox 812 1361 968 1421; x_wconf 87' lang='lat' dir='ltr'><strong>bisantem</strong></span> <span class='ocrx_word' id='word_1_116' title='bbox 988 1379 1062 1439; x_wconf 91' lang='lat' dir='ltr'><strong>quae</strong></span> 
     </span>
     <span class='ocr_line' id='line_1_15' title="bbox 6 1443 1061 1526; baseline -0.004 -18"><span class='ocrx_word' id='word_1_117' title='bbox 6 1485 7 1492; x_wconf 26' lang='grc' dir='ltr'>ι</span> <span class='ocrx_word' id='word_1_118' title='bbox 73 1465 190 1526; x_wconf 81' lang='lat' dir='ltr'><strong>semper</strong></span> <span class='ocrx_word' id='word_1_119' title='bbox 205 1447 328 1506; x_wconf 86' lang='lat' dir='ltr'><strong>retinent</strong></span> <span class='ocrx_word' id='word_1_120' title='bbox 342 1462 439 1506; x_wconf 90' lang='lat' dir='ltr'><strong>eomas</strong></span> <span class='ocrx_word' id='word_1_121' title='bbox 454 1444 555 1504; x_wconf 90' lang='lat' dir='ltr'><strong>eadem</strong></span> <span class='ocrx_word' id='word_1_122' title='bbox 568 1443 639 1504; x_wconf 83' lang='lat' dir='ltr'><strong>folia</strong></span> <span class='ocrx_word' id='word_1_123' title='bbox 656 1446 772 1520; x_wconf 90' lang='lat' dir='ltr'><strong>durant,</strong></span> <span class='ocrx_word' id='word_1_124' title='bbox 798 1445 850 1505; x_wconf 92' lang='lat' dir='ltr'><strong>sed</strong></span> <span class='ocrx_word' id='word_1_125' title='bbox 866 1445 1061 1506; x_wconf 87' lang='lat' dir='ltr'><strong>subnascenti-</strong></span> 
     </span>
     <span class='ocr_line' id='line_1_16' title="bbox 45 1527 1063 1605; baseline 0.003 -19"><span class='ocrx_word' id='word_1_126' title='bbox 45 1531 127 1591; x_wconf 80' lang='lat' dir='ltr'><strong>nbus</strong></span> <span class='ocrx_word' id='word_1_127' title='bbox 154 1529 219 1590; x_wconf 89' lang='lat' dir='ltr'><strong>aliis</strong></span> <span class='ocrx_word' id='word_1_128' title='bbox 241 1538 299 1588; x_wconf 90' lang='lat' dir='ltr'><strong>tum</strong></span> <span class='ocrx_word' id='word_1_129' title='bbox 322 1537 457 1589; x_wconf 89' lang='lat' dir='ltr'><strong>arescunt</strong></span> <span class='ocrx_word' id='word_1_130' title='bbox 479 1537 595 1605; x_wconf 85' lang='lat' dir='ltr'><strong>vetera,</strong></span> <span class='ocrx_word' id='word_1_131' title='bbox 621 1527 700 1605; x_wconf 90' lang='lat' dir='ltr'><strong>quod</strong></span> <span class='ocrx_word' id='word_1_132' title='bbox 720 1528 816 1587; x_wconf 88' lang='lat' dir='ltr'><strong>evenit</strong></span> <span class='ocrx_word' id='word_1_133' title='bbox 841 1529 918 1588; x_wconf 86' lang='lat' dir='ltr'><strong>eirca</strong></span> <span class='ocrx_word' id='word_1_134' title='bbox 939 1529 1063 1590; x_wconf 88' lang='lat' dir='ltr'><strong>solstitia</strong></span> 
     </span>
     <span class='ocr_line' id='line_1_17' title="bbox 74 1630 904 1674; baseline -0.005 0"><span class='ocrx_word' id='word_1_135' title='bbox 74 1630 215 1674; x_wconf 83' lang='lat' dir='ltr'><strong>maxume.</strong></span> <span class='ocrx_word' id='word_1_136' title='bbox 600 1635 603 1640; x_wconf 56' lang='lat'><strong><em>¹</em></strong></span> <span class='ocrx_word' id='word_1_137' title='bbox 902 1657 904 1660; x_wconf 83' lang='lat'><em>.</em></span> 
     </span>
     <span class='ocr_line' id='line_1_18' title="bbox 6 1587 1103 1775; baseline -0.003 -18"><span class='ocrx_word' id='word_1_138' title='bbox 6 1587 8 1718; x_wconf 48' lang='lat' dir='ltr'>v</span> <span class='ocrx_word' id='word_1_139' title='bbox 138 1696 223 1775; x_wconf 83' lang='grc'><strong>(35.)</strong></span> <span class='ocrx_word' id='word_1_140' title='bbox 250 1693 396 1754; x_wconf 86' lang='lat' dir='ltr'><strong>Foliorum</strong></span> <span class='ocrx_word' id='word_1_141' title='bbox 414 1694 506 1754; x_wconf 89' lang='lat' dir='ltr'><strong>unitas</strong></span> <span class='ocrx_word' id='word_1_142' title='bbox 525 1695 553 1752; x_wconf 88' lang='lat' dir='ltr'><strong>in</strong></span> <span class='ocrx_word' id='word_1_143' title='bbox 574 1710 627 1753; x_wconf 92' lang='lat' dir='ltr'><strong>suo</strong></span> <span class='ocrx_word' id='word_1_144' title='bbox 650 1693 751 1770; x_wconf 90' lang='lat' dir='ltr'><strong>cuique</strong></span> <span class='ocrx_word' id='word_1_145' title='bbox 774 1709 882 1768; x_wconf 88' lang='lat' dir='ltr'><strong>genere</strong></span> <span class='ocrx_word' id='word_1_146' title='bbox 903 1704 1060 1771; x_wconf 89' lang='lat' dir='ltr'><strong>permanet,</strong></span> <span class='ocrx_word' id='word_1_147' title='bbox 1069 1705 1103 1760; x_wconf 82' lang='lat'><strong>85</strong></span> 
     </span>
     <span class='ocr_line' id='line_1_19' title="bbox 6 1735 1103 1858; baseline -0.002 -18"><span class='ocrx_word' id='word_1_148' title='bbox 6 1735 8 1840; x_wconf 75' lang='lat' dir='ltr'><strong>l</strong></span> <span class='ocrx_word' id='word_1_149' title='bbox 73 1788 278 1858; x_wconf 90' lang='lat' dir='ltr'><strong>praeterquam</strong></span> <span class='ocrx_word' id='word_1_150' title='bbox 289 1777 408 1856; x_wconf 89' lang='lat' dir='ltr'><strong>populo,</strong></span> <span class='ocrx_word' id='word_1_151' title='bbox 422 1777 562 1852; x_wconf 83' lang='lat' dir='ltr'><strong>hederae,</strong></span> <span class='ocrx_word' id='word_1_152' title='bbox 578 1778 700 1850; x_wconf 91' lang='lat' dir='ltr'><strong>crotoni,</strong></span> <span class='ocrx_word' id='word_1_153' title='bbox 711 1793 793 1852; x_wconf 91' lang='lat' dir='ltr'><strong>quam</strong></span> <span class='ocrx_word' id='word_1_154' title='bbox 810 1785 839 1835; x_wconf 91' lang='lat' dir='ltr'><strong>et</strong></span> <span class='ocrx_word' id='word_1_155' title='bbox 855 1776 910 1834; x_wconf 87' lang='lat' dir='ltr'><strong>cini</strong></span> <span class='ocrx_word' id='word_1_156' title='bbox 921 1775 1041 1836; x_wconf 86' lang='lat' dir='ltr'><strong>diximus</strong></span> <span class='ocrx_word' id='word_1_157' title='bbox 1051 1803 1103 1844; x_wconf 65' lang='lat' dir='ltr'><strong>aare</strong></span> 
     </span>
     <span class='ocr_line' id='line_1_20' title="bbox 6 1853 1108 1956; baseline 0 -36"><span class='ocrx_word' id='word_1_158' title='bbox 6 1853 11 1956; x_wconf 64' lang='lat' dir='ltr'><strong>l</strong></span> <span class='ocrx_word' id='word_1_159' title='bbox 72 1863 182 1922; x_wconf 84' lang='lat' dir='ltr'><strong>vocari.</strong></span> <span class='ocrx_word' id='word_1_160' title='bbox 211 1861 262 1924; x_wconf 83' lang='lat'><strong>23.</strong></span> <span class='ocrx_word' id='word_1_161' title='bbox 278 1860 380 1939; x_wconf 89' lang='lat' dir='ltr'><strong>Populi</strong></span> <span class='ocrx_word' id='word_1_162' title='bbox 393 1861 446 1920; x_wconf 91' lang='lat' dir='ltr'><strong>tria</strong></span> <span class='ocrx_word' id='word_1_163' title='bbox 460 1878 585 1936; x_wconf 90' lang='lat' dir='ltr'><strong>genera:</strong></span> <span class='ocrx_word' id='word_1_164' title='bbox 603 1859 669 1920; x_wconf 86' lang='lat' dir='ltr'><strong>alba</strong></span> <span class='ocrx_word' id='word_1_165' title='bbox 683 1877 717 1918; x_wconf 87' lang='lat' dir='ltr'><strong>ac</strong></span> <span class='ocrx_word' id='word_1_166' title='bbox 733 1861 813 1936; x_wconf 89' lang='lat' dir='ltr'><strong>nigra</strong></span> <span class='ocrx_word' id='word_1_167' title='bbox 830 1868 859 1919; x_wconf 90' lang='lat' dir='ltr'><strong>et</strong></span> <span class='ocrx_word' id='word_1_168' title='bbox 873 1857 1063 1937; x_wconf 81' lang='lat' dir='ltr'><strong>quaebibyea</strong></span> <span class='ocrx_word' id='word_1_169' title='bbox 1104 1903 1108 1910; x_wconf 77' lang='lat'>·</span> 
     </span>
     <span class='ocr_line' id='line_1_21' title="bbox 43 1942 1062 2024; baseline -0.006 -16"><span class='ocrx_word' id='word_1_170' title='bbox 43 1944 239 2024; x_wconf 74' lang='lat' dir='ltr'><strong>coappellatur</strong></span> <span class='ocrx_word' id='word_1_171' title='bbox 253 1945 374 2004; x_wconf 88' lang='lat' dir='ltr'><strong>minuma</strong></span> <span class='ocrx_word' id='word_1_172' title='bbox 388 1942 459 2002; x_wconf 87' lang='lat' dir='ltr'><strong>lolio</strong></span> <span class='ocrx_word' id='word_1_173' title='bbox 476 1960 511 2003; x_wconf 93' lang='lat' dir='ltr'><strong>ac</strong></span> <span class='ocrx_word' id='word_1_174' title='bbox 523 1944 676 2020; x_wconf 86' lang='lat' dir='ltr'><strong>nigerrima</strong></span> <span class='ocrx_word' id='word_1_175' title='bbox 693 1943 846 2022; x_wconf 77' lang='lat' dir='ltr'><strong>fungisque</strong></span> <span class='ocrx_word' id='word_1_176' title='bbox 861 1943 1062 2002; x_wconf 86' lang='lat' dir='ltr'><strong>enascentibus</strong></span> 
     </span>
     <span class='ocr_line' id='line_1_22' title="bbox 6 2021 1119 2108; baseline 0.001 -20"><span class='ocrx_word' id='word_1_177' title='bbox 6 2063 8 2108; x_wconf 81' lang='lat' dir='ltr'><strong>t</strong></span> <span class='ocrx_word' id='word_1_178' title='bbox 74 2029 279 2090; x_wconf 87' lang='lat' dir='ltr'><strong>laudatissima.</strong></span> <span class='ocrx_word' id='word_1_179' title='bbox 307 2025 374 2086; x_wconf 86' lang='lat' dir='ltr'><strong>alba</strong></span> <span class='ocrx_word' id='word_1_180' title='bbox 388 2024 459 2084; x_wconf 87' lang='lat' dir='ltr'><strong>lolio</strong></span> <span class='ocrx_word' id='word_1_181' title='bbox 473 2024 597 2101; x_wconf 90' lang='lat' dir='ltr'><strong>bicolor,</strong></span> <span class='ocrx_word' id='word_1_182' title='bbox 618 2043 743 2104; x_wconf 89' lang='lat' dir='ltr'><strong>superne</strong></span> <span class='ocrx_word' id='word_1_183' title='bbox 759 2027 910 2086; x_wconf 90' lang='lat' dir='ltr'><strong>candicans</strong></span> <span class='ocrx_word' id='word_1_184' title='bbox 925 2021 1119 2093; x_wconf 80' lang='lat' dir='ltr'><strong>interioress&#39;</strong></span> 
     </span>
     <span class='ocr_line' id='line_1_23' title="bbox 73 2107 1154 2189; baseline 0.001 -18"><span class='ocrx_word' id='word_1_185' title='bbox 73 2120 157 2189; x_wconf 89' lang='lat' dir='ltr'><strong>parte</strong></span> <span class='ocrx_word' id='word_1_186' title='bbox 184 2109 277 2170; x_wconf 88' lang='lat' dir='ltr'><strong>viridi.</strong></span> <span class='ocrx_word' id='word_1_187' title='bbox 321 2107 387 2168; x_wconf 90' lang='lat' dir='ltr'><strong>huio</strong></span> <span class='ocrx_word' id='word_1_188' title='bbox 413 2109 571 2185; x_wconf 81' lang='lat' dir='ltr'><strong>nigraeque</strong></span> <span class='ocrx_word' id='word_1_189' title='bbox 600 2117 628 2167; x_wconf 93' lang='lat' dir='ltr'><strong>et</strong></span> <span class='ocrx_word' id='word_1_190' title='bbox 653 2109 763 2167; x_wconf 89' lang='lat' dir='ltr'><strong>crotoni</strong></span> <span class='ocrx_word' id='word_1_191' title='bbox 786 2111 815 2168; x_wconf 92' lang='lat' dir='ltr'><strong>in</strong></span> <span class='ocrx_word' id='word_1_192' title='bbox 841 2110 954 2170; x_wconf 86' lang='lat' dir='ltr'><strong>iuventa</strong></span> <span class='ocrx_word' id='word_1_193' title='bbox 980 2110 1061 2170; x_wconf 87' lang='lat' dir='ltr'><strong>circi·</strong></span> <span class='ocrx_word' id='word_1_194' title='bbox 1150 2165 1154 2172; x_wconf 89' lang='lat'>.</span> 
     </span>
     <span class='ocr_line' id='line_1_24' title="bbox 6 2190 1060 2267; baseline 0.001 -15"><span class='ocrx_word' id='word_1_195' title='bbox 6 2205 8 2266; x_wconf 65' lang='grc' dir='ltr'><strong><em>ζ</em></strong></span> <span class='ocrx_word' id='word_1_196' title='bbox 72 2203 159 2255; x_wconf 89' lang='lat' dir='ltr'><strong>natae</strong></span> <span class='ocrx_word' id='word_1_197' title='bbox 174 2191 357 2254; x_wconf 84' lang='lat' dir='ltr'><strong>rotunditatis</strong></span> <span class='ocrx_word' id='word_1_198' title='bbox 371 2199 451 2266; x_wconf 90' lang='lat' dir='ltr'><strong>snut,</strong></span> <span class='ocrx_word' id='word_1_199' title='bbox 466 2190 622 2251; x_wconf 86' lang='lat' dir='ltr'><strong>vetustiora</strong></span> <span class='ocrx_word' id='word_1_200' title='bbox 636 2191 664 2249; x_wconf 94' lang='lat' dir='ltr'><strong>in</strong></span> <span class='ocrx_word' id='word_1_201' title='bbox 680 2191 801 2267; x_wconf 88' lang='lat' dir='ltr'><strong>angulos</strong></span> <span class='ocrx_word' id='word_1_202' title='bbox 818 2200 932 2250; x_wconf 83' lang='lat' dir='ltr'><strong>exeunt.</strong></span> <span class='ocrx_word' id='word_1_203' title='bbox 961 2210 977 2249; x_wconf 92' lang='lat' dir='ltr'><strong>e</strong></span> <span class='ocrx_word' id='word_1_204' title='bbox 994 2210 1060 2252; x_wconf 88' lang='lat' dir='ltr'><strong>eou-</strong></span> 
     </span>
     <span class='ocr_line' id='line_1_25' title="bbox 72 2273 1061 2353; baseline -0.003 -16"><span class='ocrx_word' id='word_1_205' title='bbox 72 2278 162 2337; x_wconf 89' lang='lat' dir='ltr'><strong>trario</strong></span> <span class='ocrx_word' id='word_1_206' title='bbox 179 2275 310 2339; x_wconf 85' lang='lat' dir='ltr'><strong>hederae</strong></span> <span class='ocrx_word' id='word_1_207' title='bbox 323 2273 463 2351; x_wconf 88' lang='lat' dir='ltr'><strong>angulosa</strong></span> <span class='ocrx_word' id='word_1_208' title='bbox 479 2274 674 2335; x_wconf 87' lang='lat' dir='ltr'><strong>retundantur.</strong></span> <span class='ocrx_word' id='word_1_209' title='bbox 688 2304 689 2308; x_wconf 60' lang='lat'><em>=</em></span> <span class='ocrx_word' id='word_1_210' title='bbox 705 2274 876 2353; x_wconf 89' lang='lat' dir='ltr'><strong>populorum</strong></span> <span class='ocrx_word' id='word_1_211' title='bbox 891 2273 967 2332; x_wconf 87' lang='lat' dir='ltr'><strong>loliis</strong></span> <span class='ocrx_word' id='word_1_212' title='bbox 978 2291 1061 2350; x_wconf 89' lang='lat' dir='ltr'><strong>gran-</strong></span> 
     </span>
     <span class='ocr_line' id='line_1_26' title="bbox 43 2356 1062 2435; baseline 0 -19"><span class='ocrx_word' id='word_1_213' title='bbox 43 2359 191 2420; x_wconf 79' lang='lat' dir='ltr'><strong>radissima</strong></span> <span class='ocrx_word' id='word_1_214' title='bbox 212 2358 317 2435; x_wconf 89' lang='lat' dir='ltr'><strong>lanugo</strong></span> <span class='ocrx_word' id='word_1_215' title='bbox 343 2357 438 2418; x_wconf 84' lang='lat' dir='ltr'><strong>evolat</strong></span> <span class='ocrx_word' id='word_1_216' title='bbox 459 2357 579 2418; x_wconf 91' lang='lat' dir='ltr'><strong>candida</strong></span> <span class='ocrx_word' id='word_1_217' title='bbox 602 2366 630 2418; x_wconf 90' lang='lat' dir='ltr'><strong>et</strong></span> <span class='ocrx_word' id='word_1_218' title='bbox 650 2357 774 2434; x_wconf 84' lang='lat' dir='ltr'><strong>radiata,</strong></span> <span class='ocrx_word' id='word_1_219' title='bbox 797 2356 845 2417; x_wconf 87' lang='lat' dir='ltr'><strong>iilo</strong></span> <span class='ocrx_word' id='word_1_220' title='bbox 865 2358 1062 2416; x_wconf 87' lang='lat' dir='ltr'><strong>numerosiore</strong></span> 
     </span>
     <span class='ocr_line' id='line_1_27' title="bbox 74 2439 1027 2518; baseline -0.004 -16"><span class='ocrx_word' id='word_1_221' title='bbox 74 2442 216 2502; x_wconf 87' lang='lat' dir='ltr'><strong>candidae</strong></span> <span class='ocrx_word' id='word_1_222' title='bbox 231 2441 299 2501; x_wconf 88' lang='lat' dir='ltr'><strong>liunt</strong></span> <span class='ocrx_word' id='word_1_223' title='bbox 313 2441 409 2500; x_wconf 87' lang='lat' dir='ltr'><strong>villae.</strong></span> <span class='ocrx_word' id='word_1_224' title='bbox 439 2439 521 2500; x_wconf 84' lang='lat' dir='ltr'><strong>Folia</strong></span> <span class='ocrx_word' id='word_1_225' title='bbox 534 2442 662 2517; x_wconf 87' lang='lat' dir='ltr'><strong>granatis</strong></span> <span class='ocrx_word' id='word_1_226' title='bbox 674 2451 704 2500; x_wconf 91' lang='lat' dir='ltr'><strong>et</strong></span> <span class='ocrx_word' id='word_1_227' title='bbox 716 2440 873 2518; x_wconf 76' lang='lat' dir='ltr'><strong>amygdalis</strong></span> <span class='ocrx_word' id='word_1_228' title='bbox 888 2439 1027 2500; x_wconf 90' lang='lat' dir='ltr'><strong>rubentia.</strong></span> 
     </span>
     <span class='ocr_line' id='line_1_28' title="bbox 6 2515 1102 2605; baseline 0.004 -20"><span class='ocrx_word' id='word_1_229' title='bbox 6 2583 7 2598; x_wconf 46' lang='lat'><strong>,</strong></span> <span class='ocrx_word' id='word_1_230' title='bbox 136 2524 222 2605; x_wconf 88' lang='grc'>(36.)</span> <span class='ocrx_word' id='word_1_231' title='bbox 249 2515 350 2584; x_wconf 86' lang='lat' dir='ltr'><strong>bli&#39;rum</strong></span> <span class='ocrx_word' id='word_1_232' title='bbox 364 2525 392 2583; x_wconf 90' lang='lat' dir='ltr'><strong>in</strong></span> <span class='ocrx_word' id='word_1_233' title='bbox 408 2524 504 2601; x_wconf 91' lang='lat' dir='ltr'><strong>primis</strong></span> <span class='ocrx_word' id='word_1_234' title='bbox 519 2524 548 2584; x_wconf 89' lang='lat' dir='ltr'><strong>id</strong></span> <span class='ocrx_word' id='word_1_235' title='bbox 564 2525 641 2602; x_wconf 90' lang='lat' dir='ltr'><strong>quod</strong></span> <span class='ocrx_word' id='word_1_236' title='bbox 655 2523 730 2584; x_wconf 90' lang='lat' dir='ltr'><strong>ulmo</strong></span> <span class='ocrx_word' id='word_1_237' title='bbox 744 2525 879 2602; x_wconf 89' lang='lat' dir='ltr'><strong>tiliaeque</strong></span> <span class='ocrx_word' id='word_1_238' title='bbox 894 2532 922 2582; x_wconf 92' lang='lat' dir='ltr'><strong>et</strong></span> <span class='ocrx_word' id='word_1_239' title='bbox 934 2523 1019 2584; x_wconf 91' lang='lat' dir='ltr'><strong>oleae</strong></span> <span class='ocrx_word' id='word_1_240' title='bbox 1033 2534 1061 2586; x_wconf 90' lang='lat' dir='ltr'><strong>et</strong></span> <span class='ocrx_word' id='word_1_241' title='bbox 1068 2533 1102 2589; x_wconf 87' lang='lat' dir='ltr'><strong>et</strong></span> 
     </span>
     <span class='ocr_line' id='line_1_29' title="bbox 6 2603 1062 2687; baseline 0 -19"><span class='ocrx_word' id='word_1_242' title='bbox 6 2603 7 2682; x_wconf 64' lang='lat' dir='ltr'><strong>l</strong></span> <span class='ocrx_word' id='word_1_243' title='bbox 72 2607 183 2687; x_wconf 94' lang='lat' dir='ltr'><strong>populo</strong></span> <span class='ocrx_word' id='word_1_244' title='bbox 200 2607 286 2666; x_wconf 91' lang='lat' dir='ltr'><strong>albae</strong></span> <span class='ocrx_word' id='word_1_245' title='bbox 304 2615 332 2666; x_wconf 90' lang='lat' dir='ltr'><strong>et</strong></span> <span class='ocrx_word' id='word_1_246' title='bbox 341 2607 422 2666; x_wconf 88' lang='lat' dir='ltr'><strong>salici</strong></span> <span class='ocrx_word' id='word_1_247' title='bbox 431 2607 535 2666; x_wconf 88' lang='lat' dir='ltr'><strong>evenit.</strong></span> <span class='ocrx_word' id='word_1_248' title='bbox 556 2608 785 2684; x_wconf 90' lang='lat' dir='ltr'><strong>circumaguntur</strong></span> <span class='ocrx_word' id='word_1_249' title='bbox 798 2609 871 2667; x_wconf 90' lang='lat' dir='ltr'><strong>enim</strong></span> <span class='ocrx_word' id='word_1_250' title='bbox 882 2606 952 2666; x_wconf 85' lang='lat' dir='ltr'><strong>folia</strong></span> <span class='ocrx_word' id='word_1_251' title='bbox 965 2627 1062 2669; x_wconf 87' lang='lat' dir='ltr'><strong>earum</strong></span> 
     </span>
     <span class='ocr_line' id='line_1_30' title="bbox 72 2689 1061 2770; baseline 0.001 -19"><span class='ocrx_word' id='word_1_252' title='bbox 72 2700 141 2770; x_wconf 89' lang='lat' dir='ltr'><strong>post</strong></span> <span class='ocrx_word' id='word_1_253' title='bbox 156 2689 327 2764; x_wconf 84' lang='lat' dir='ltr'><strong>solstitium,</strong></span> <span class='ocrx_word' id='word_1_254' title='bbox 342 2707 397 2750; x_wconf 92' lang='lat' dir='ltr'><strong>neo</strong></span> <span class='ocrx_word' id='word_1_255' title='bbox 414 2689 470 2750; x_wconf 90' lang='lat' dir='ltr'><strong>alio</strong></span> <span class='ocrx_word' id='word_1_256' title='bbox 485 2699 652 2765; x_wconf 87' lang='lat' dir='ltr'><strong>argumento</strong></span> <span class='ocrx_word' id='word_1_257' title='bbox 668 2692 773 2750; x_wconf 90' lang='lat' dir='ltr'><strong>certius</strong></span> <span class='ocrx_word' id='word_1_258' title='bbox 789 2690 965 2767; x_wconf 87' lang='lat' dir='ltr'><strong>intellegitur</strong></span> <span class='ocrx_word' id='word_1_259' title='bbox 983 2692 1061 2752; x_wconf 89' lang='lat' dir='ltr'><strong>sidus</strong></span> 
     </span>
     <span class='ocr_line' id='line_1_31' title="bbox 39 2767 1103 2851; baseline 0.003 -16"><span class='ocrx_word' id='word_1_260' title='bbox 39 2792 63 2835; x_wconf 84' lang='lat' dir='ltr'><strong>ao</strong></span> <span class='ocrx_word' id='word_1_261' title='bbox 72 2773 248 2834; x_wconf 86' lang='lat' dir='ltr'><strong>confectum.</strong></span> <span class='ocrx_word' id='word_1_262' title='bbox 277 2772 326 2832; x_wconf 78' lang='lat'><strong>24.</strong></span> <span class='ocrx_word' id='word_1_263' title='bbox 340 2771 393 2832; x_wconf 75' lang='lat' dir='ltr'><strong>list</strong></span> <span class='ocrx_word' id='word_1_264' title='bbox 405 2781 435 2831; x_wconf 91' lang='lat' dir='ltr'><strong>et</strong></span> <span class='ocrx_word' id='word_1_265' title='bbox 446 2767 561 2849; x_wconf 88' lang='lat' dir='ltr'><strong>publica</strong></span> <span class='ocrx_word' id='word_1_266' title='bbox 575 2774 696 2832; x_wconf 91' lang='lat' dir='ltr'><strong>omnium</strong></span> <span class='ocrx_word' id='word_1_267' title='bbox 706 2772 841 2833; x_wconf 85' lang='lat' dir='ltr'><strong>loliorum</strong></span> <span class='ocrx_word' id='word_1_268' title='bbox 855 2774 883 2832; x_wconf 92' lang='lat' dir='ltr'><strong>in</strong></span> <span class='ocrx_word' id='word_1_269' title='bbox 898 2775 967 2851; x_wconf 87' lang='lat' dir='ltr'><strong>ipsis</strong></span> <span class='ocrx_word' id='word_1_270' title='bbox 980 2774 1059 2835; x_wconf 87' lang='lat' dir='ltr'><strong>dilie-</strong></span> <span class='ocrx_word' id='word_1_271' title='bbox 1068 2785 1103 2839; x_wconf 83' lang='lat'><strong>88</strong></span> 
     </span>
     <span class='ocr_line' id='line_1_32' title="bbox 69 2853 1059 2934; baseline 0.002 -18"><span class='ocrx_word' id='word_1_272' title='bbox 69 2859 174 2917; x_wconf 84' lang='lat' dir='ltr'><strong>nentia.</strong></span> <span class='ocrx_word' id='word_1_273' title='bbox 197 2872 319 2933; x_wconf 91' lang='lat' dir='ltr'><strong>namque</strong></span> <span class='ocrx_word' id='word_1_274' title='bbox 334 2873 401 2934; x_wconf 80' lang='lat' dir='ltr'><strong>pars</strong></span> <span class='ocrx_word' id='word_1_275' title='bbox 414 2855 535 2914; x_wconf 83' lang='lat' dir='ltr'><strong>inferior</strong></span> <span class='ocrx_word' id='word_1_276' title='bbox 548 2871 564 2912; x_wconf 93' lang='lat' dir='ltr'><strong>a</strong></span> <span class='ocrx_word' id='word_1_277' title='bbox 578 2863 655 2915; x_wconf 89' lang='lat' dir='ltr'><strong>terra</strong></span> <span class='ocrx_word' id='word_1_278' title='bbox 668 2853 788 2914; x_wconf 90' lang='lat' dir='ltr'><strong>herbido</strong></span> <span class='ocrx_word' id='word_1_279' title='bbox 806 2856 880 2914; x_wconf 90' lang='lat' dir='ltr'><strong>viret</strong></span> <span class='ocrx_word' id='word_1_280' title='bbox 896 2857 1006 2932; x_wconf 88' lang='lat' dir='ltr'><strong>colore,</strong></span> <span class='ocrx_word' id='word_1_281' title='bbox 1024 2859 1059 2918; x_wconf 91' lang='lat' dir='ltr'><strong>ah</strong></span> 
     </span>
     <span class='ocr_line' id='line_1_33' title="bbox 70 2936 1058 3016; baseline 0 -16"><span class='ocrx_word' id='word_1_282' title='bbox 70 2939 178 3000; x_wconf 89' lang='lat' dir='ltr'><strong>eadem</strong></span> <span class='ocrx_word' id='word_1_283' title='bbox 191 2939 303 3000; x_wconf 80' lang='lat' dir='ltr'><strong>leviora</strong></span> <span class='ocrx_word' id='word_1_284' title='bbox 317 2955 422 2997; x_wconf 89' lang='lat' dir='ltr'><strong>nervos</strong></span> <span class='ocrx_word' id='word_1_285' title='bbox 438 2937 603 3014; x_wconf 88' lang='lat' dir='ltr'><strong>callumque.</strong></span> <span class='ocrx_word' id='word_1_286' title='bbox 614 2946 643 2998; x_wconf 89' lang='lat' dir='ltr'><strong>et</strong></span> <span class='ocrx_word' id='word_1_287' title='bbox 657 2936 792 2997; x_wconf 88' lang='lat' dir='ltr'><strong>articulos</strong></span> <span class='ocrx_word' id='word_1_288' title='bbox 803 2939 831 2997; x_wconf 93' lang='lat' dir='ltr'><strong>iu</strong></span> <span class='ocrx_word' id='word_1_289' title='bbox 846 2941 996 3016; x_wconf 88' lang='lat' dir='ltr'><strong>superiore</strong></span> <span class='ocrx_word' id='word_1_290' title='bbox 1009 2941 1058 3000; x_wconf 87' lang='lat' dir='ltr'><strong>ha·</strong></span> 
     </span>
     <span class='ocr_line' id='line_1_34' title="bbox 70 3018 1059 3100; baseline 0 -18"><span class='ocrx_word' id='word_1_291' title='bbox 70 3023 144 3082; x_wconf 90' lang='lat' dir='ltr'><strong>bent</strong></span> <span class='ocrx_word' id='word_1_292' title='bbox 161 3031 261 3100; x_wconf 87' lang='lat' dir='ltr'><strong>parte,</strong></span> <span class='ocrx_word' id='word_1_293' title='bbox 277 3022 416 3081; x_wconf 88' lang='lat' dir='ltr'><strong>incisuras</strong></span> <span class='ocrx_word' id='word_1_294' title='bbox 434 3037 504 3080; x_wconf 87' lang='lat' dir='ltr'><strong>vero</strong></span> <span class='ocrx_word' id='word_1_295' title='bbox 523 3018 638 3094; x_wconf 88' lang='lat' dir='ltr'><strong>subter,</strong></span> <span class='ocrx_word' id='word_1_296' title='bbox 655 3029 686 3080; x_wconf 91' lang='lat' dir='ltr'><strong>ut</strong></span> <span class='ocrx_word' id='word_1_297' title='bbox 702 3037 799 3080; x_wconf 89' lang='lat' dir='ltr'><strong>manus</strong></span> <span class='ocrx_word' id='word_1_298' title='bbox 815 3021 943 3081; x_wconf 88' lang='lat' dir='ltr'><strong>humana.</strong></span> <span class='ocrx_word' id='word_1_299' title='bbox 969 3021 1059 3082; x_wconf 90' lang='lat' dir='ltr'><strong>Oleae</strong></span> 
     </span>
     <span class='ocr_line' id='line_1_35' title="bbox 71 3103 1059 3182; baseline 0.002 -18"><span class='ocrx_word' id='word_1_300' title='bbox 71 3123 203 3182; x_wconf 88' lang='lat' dir='ltr'><strong>superne</strong></span> <span class='ocrx_word' id='word_1_301' title='bbox 218 3105 382 3165; x_wconf 85' lang='lat' dir='ltr'><strong>candidiora</strong></span> <span class='ocrx_word' id='word_1_302' title='bbox 394 3110 425 3164; x_wconf 89' lang='lat' dir='ltr'><strong>et</strong></span> <span class='ocrx_word' id='word_1_303' title='bbox 433 3104 521 3164; x_wconf 89' lang='lat' dir='ltr'><strong>miuus</strong></span> <span class='ocrx_word' id='word_1_304' title='bbox 534 3103 621 3178; x_wconf 82' lang='lat' dir='ltr'><strong>levia,</strong></span> <span class='ocrx_word' id='word_1_305' title='bbox 632 3104 699 3163; x_wconf 90' lang='lat' dir='ltr'><strong>item</strong></span> <span class='ocrx_word' id='word_1_306' title='bbox 715 3103 851 3168; x_wconf 88' lang='lat' dir='ltr'><strong>hederae.</strong></span> <span class='ocrx_word' id='word_1_307' title='bbox 873 3103 925 3163; x_wconf 92' lang='lat' dir='ltr'><strong>sed</strong></span> <span class='ocrx_word' id='word_1_308' title='bbox 937 3107 1059 3166; x_wconf 91' lang='lat' dir='ltr'><strong>omnium</strong></span> 
     </span>
     <span class='ocr_line' id='line_1_36' title="bbox 39 3186 1058 3266; baseline -0.001 -16"><span class='ocrx_word' id='word_1_309' title='bbox 39 3188 146 3250; x_wconf 66' lang='lat' dir='ltr'><strong>noiolio</strong></span> <span class='ocrx_word' id='word_1_310' title='bbox 168 3187 274 3249; x_wconf 84' lang='lat' dir='ltr'><strong>cotidie</strong></span> <span class='ocrx_word' id='word_1_311' title='bbox 291 3187 337 3248; x_wconf 87' lang='lat' dir='ltr'><strong>-ad</strong></span> <span class='ocrx_word' id='word_1_312' title='bbox 359 3186 451 3247; x_wconf 88' lang='lat' dir='ltr'><strong>solem</strong></span> <span class='ocrx_word' id='word_1_313' title='bbox 474 3187 612 3260; x_wconf 85' lang='lat' dir='ltr'><strong>oscitant,</strong></span> <span class='ocrx_word' id='word_1_314' title='bbox 640 3186 792 3246; x_wconf 83' lang='lat' dir='ltr'><strong>inferiores</strong></span> <span class='ocrx_word' id='word_1_315' title='bbox 814 3187 903 3264; x_wconf 89' lang='lat' dir='ltr'><strong>partis</strong></span> <span class='ocrx_word' id='word_1_316' title='bbox 926 3188 1058 3266; x_wconf 85' lang='lat' dir='ltr'><strong>tepefieri</strong></span> 
     </span>
     <span class='ocr_line' id='line_1_37' title="bbox 69 3269 1094 3348; baseline 0.003 -18"><span class='ocrx_word' id='word_1_317' title='bbox 69 3271 211 3331; x_wconf 86' lang='lat' dir='ltr'><strong>volentia.</strong></span> <span class='ocrx_word' id='word_1_318' title='bbox 249 3270 383 3346; x_wconf 88' lang='lat' dir='ltr'><strong>superior</strong></span> <span class='ocrx_word' id='word_1_319' title='bbox 406 3286 473 3348; x_wconf 91' lang='lat' dir='ltr'><strong>pars</strong></span> <span class='ocrx_word' id='word_1_320' title='bbox 494 3271 616 3330; x_wconf 89' lang='lat' dir='ltr'><strong>omnium</strong></span> <span class='ocrx_word' id='word_1_321' title='bbox 637 3269 797 3346; x_wconf 90' lang='lat' dir='ltr'><strong>lanuginem</strong></span> <span class='ocrx_word' id='word_1_322' title='bbox 820 3271 1057 3346; x_wconf 87' lang='lat' dir='ltr'><strong>quantulamcum·</strong></span> <span class='ocrx_word' id='word_1_323' title='bbox 1083 3289 1094 3302; x_wconf 87' lang='lat'><em>·</em></span> 
     </span>
     <span class='ocr_line' id='line_1_38' title="bbox 70 3352 747 3432; baseline 0 -20"><span class='ocrx_word' id='word_1_324' title='bbox 70 3371 130 3432; x_wconf 93' lang='lat' dir='ltr'><strong>que</strong></span> <span class='ocrx_word' id='word_1_325' title='bbox 148 3353 246 3428; x_wconf 88' lang='lat' dir='ltr'><strong>habet,</strong></span> <span class='ocrx_word' id='word_1_326' title='bbox 265 3369 339 3430; x_wconf 85' lang='lat' dir='ltr'><strong>quae</strong></span> <span class='ocrx_word' id='word_1_327' title='bbox 354 3352 382 3412; x_wconf 88' lang='lat' dir='ltr'><strong>ia</strong></span> <span class='ocrx_word' id='word_1_328' title='bbox 396 3352 459 3416; x_wconf 89' lang='lat' dir='ltr'><strong>aliis</strong></span> <span class='ocrx_word' id='word_1_329' title='bbox 474 3354 600 3428; x_wconf 87' lang='lat' dir='ltr'><strong>gentium</strong></span> <span class='ocrx_word' id='word_1_330' title='bbox 614 3352 678 3418; x_wconf 89' lang='lat' dir='ltr'><strong>lana</strong></span> <span class='ocrx_word' id='word_1_331' title='bbox 694 3362 747 3412; x_wconf 89' lang='lat' dir='ltr'><strong>est.</strong></span> 
     </span>
     <span class='ocr_line' id='line_1_39' title="bbox 6 3433 1099 3516; baseline 0.005 -21"><span class='ocrx_word' id='word_1_332' title='bbox 6 3509 7 3514; x_wconf 8' lang='grc' dir='ltr'>γ</span> <span class='ocrx_word' id='word_1_333' title='bbox 137 3436 228 3514; x_wconf 64' lang='grc'><strong>(37.)</strong></span> <span class='ocrx_word' id='word_1_334' title='bbox 250 3433 283 3494; x_wconf 95' lang='lat' dir='ltr'><strong>ln</strong></span> <span class='ocrx_word' id='word_1_335' title='bbox 301 3435 409 3494; x_wconf 91' lang='lat' dir='ltr'><strong>oriente</strong></span> <span class='ocrx_word' id='word_1_336' title='bbox 425 3436 499 3496; x_wconf 86' lang='lat' dir='ltr'><strong>lunis</strong></span> <span class='ocrx_word' id='word_1_337' title='bbox 513 3436 622 3499; x_wconf 88' lang='lat' dir='ltr'><strong>validos</strong></span> <span class='ocrx_word' id='word_1_338' title='bbox 636 3455 651 3496; x_wconf 94' lang='lat' dir='ltr'><strong>e</strong></span> <span class='ocrx_word' id='word_1_339' title='bbox 667 3436 744 3497; x_wconf 83' lang='lat' dir='ltr'><strong>toliis</strong></span> <span class='ocrx_word' id='word_1_340' title='bbox 755 3436 867 3516; x_wconf 90' lang='lat' dir='ltr'><strong>palmae</strong></span> <span class='ocrx_word' id='word_1_341' title='bbox 882 3438 943 3498; x_wconf 88' lang='lat' dir='ltr'><strong>lieri</strong></span> <span class='ocrx_word' id='word_1_342' title='bbox 953 3439 1099 3506; x_wconf 75' lang='lat' dir='ltr'><strong>dictamen</strong></span> 
     </span>
     <span class='ocr_line' id='line_1_40' title="bbox 6 3521 899 3612; baseline 0.004 -35"><span class='ocrx_word' id='word_1_343' title='bbox 6 3599 7 3612; x_wconf 11' lang='grc' dir='ltr'>χ</span> <span class='ocrx_word' id='word_1_344' title='bbox 116 3539 184 3586; x_wconf 80' lang='lat' dir='ltr'><strong>rum.</strong></span> <span class='ocrx_word' id='word_1_345' title='bbox 196 3522 396 3586; x_wconf 76' lang='lat' dir='ltr'><strong>nur.u1st.lll.</strong></span> <span class='ocrx_word' id='word_1_346' title='bbox 880 3521 899 3581; x_wconf 85' lang='lat'><strong>2</strong></span> 
     </span>
    </p>
   </div>
   <div class='ocr_carea' id='block_1_4' title="bbox 0 0 1262 3858">
    <p class='ocr_par' dir='ltr' id='par_1_4' title="bbox 0 0 1262 3858">
     <span class='ocr_line' id='line_1_41' title="bbox 0 0 1262 3858; baseline 0 0"><span class='ocrx_word' id='word_1_347' title='bbox 0 0 1262 3858; x_wconf 95' lang='lat' dir='ltr'><strong> </strong></span> 
     </span>
    </p>
   </div>
  </div>
 </body>
</html>
