<?xml version="1.0" encoding="UTF-8"?>
<!DOCTYPE html PUBLIC "-//W3C//DTD XHTML 1.0 Transitional//EN"
    "http://www.w3.org/TR/xhtml1/DTD/xhtml1-transitional.dtd">
<html xmlns="http://www.w3.org/1999/xhtml" xml:lang="en" lang="en">
 <head>
  <title>
</title>
<meta http-equiv="Content-Type" content="text/html;charset=utf-8" />
  <meta name='ocr-system' content='tesseract 3.04.00' />
  <meta name='ocr-capabilities' content='ocr_page ocr_carea ocr_par ocr_line ocrx_word'/>
</head>
<body>
  <div class='ocr_page' id='page_1' title='image "./cplinisecundina23plingoog_0081.png"; bbox 0 0 2512 3858; ppageno 0'>
   <div class='ocr_carea' id='block_1_1' title="bbox 175 187 829 249">
    <p class='ocr_par' dir='ltr' id='par_1_1' title="bbox 175 187 829 249">
     <span class='ocr_line' id='line_1_1' title="bbox 175 187 829 249; baseline 0.002 -10"><span class='ocrx_word' id='word_1_1' title='bbox 175 187 215 249; x_wconf 77' lang='lat'><strong>24</strong></span> <span class='ocrx_word' id='word_1_2' title='bbox 509 192 540 240; x_wconf 80' lang='grc' dir='ltr'><strong>Ο.</strong></span> <span class='ocrx_word' id='word_1_3' title='bbox 561 192 658 240; x_wconf 75' lang='lat' dir='ltr'><strong>mm</strong></span> <span class='ocrx_word' id='word_1_4' title='bbox 680 191 829 242; x_wconf 79' lang='lat' dir='ltr'><strong>SECUNDI</strong></span> 
     </span>
    </p>
   </div>
   <div class='ocr_carea' id='block_1_2' title="bbox 57 346 1246 3526">
    <p class='ocr_par' dir='ltr' id='par_1_2' title="bbox 57 346 1244 1416">
     <span class='ocr_line' id='line_1_2' title="bbox 175 346 1243 430; baseline -0.008 -15"><span class='ocrx_word' id='word_1_5' title='bbox 175 353 245 415; x_wconf 90' lang='lat' dir='ltr'><strong>rami</strong></span> <span class='ocrx_word' id='word_1_6' title='bbox 260 351 343 413; x_wconf 87' lang='lat' dir='ltr'><strong>inere</strong></span> <span class='ocrx_word' id='word_1_7' title='bbox 359 347 552 430; x_wconf 75' lang='lat' dir='ltr'><strong>praecidatur,</strong></span> <span class='ocrx_word' id='word_1_8' title='bbox 569 346 646 426; x_wconf 91' lang='lat' dir='ltr'><strong>qnod</strong></span> <span class='ocrx_word' id='word_1_9' title='bbox 666 355 800 427; x_wconf 74' lang='lat' dir='ltr'><strong>superest</strong></span> <span class='ocrx_word' id='word_1_10' title='bbox 815 347 895 422; x_wconf 87' lang='lat' dir='ltr'><strong>vivit,</strong></span> <span class='ocrx_word' id='word_1_11' title='bbox 908 348 933 408; x_wconf 93' lang='lat' dir='ltr'><strong>si</strong></span> <span class='ocrx_word' id='word_1_12' title='bbox 944 365 1015 408; x_wconf 87' lang='lat' dir='ltr'><strong>vero</strong></span> <span class='ocrx_word' id='word_1_13' title='bbox 1032 365 1168 410; x_wconf 86' lang='lat' dir='ltr'><strong>cacumen</strong></span> <span class='ocrx_word' id='word_1_14' title='bbox 1242 364 1243 428; x_wconf 70' lang='lat' dir='ltr'><strong>t</strong></span> 
     </span>
     <span class='ocr_line' id='line_1_3' title="bbox 57 429 1243 510; baseline -0.005 -12"><span class='ocrx_word' id='word_1_15' title='bbox 57 469 67 480; x_wconf 49' lang='grc' dir='ltr'>ι</span> <span class='ocrx_word' id='word_1_16' title='bbox 175 429 283 498; x_wconf 86' lang='lat' dir='ltr'><strong>tantum</strong></span> <span class='ocrx_word' id='word_1_17' title='bbox 298 435 453 509; x_wconf 86' lang='lat' dir='ltr'><strong>auferatur,</strong></span> <span class='ocrx_word' id='word_1_18' title='bbox 470 439 531 493; x_wconf 89' lang='lat' dir='ltr'><strong>tota</strong></span> <span class='ocrx_word' id='word_1_19' title='bbox 547 434 677 493; x_wconf 91' lang='lat' dir='ltr'><strong>moritur.</strong></span> <span class='ocrx_word' id='word_1_20' title='bbox 708 430 766 508; x_wconf 80' lang='lat' dir='ltr'><strong>alia</strong></span> <span class='ocrx_word' id='word_1_21' title='bbox 780 430 815 492; x_wconf 90' lang='lat' dir='ltr'><strong>ab</strong></span> <span class='ocrx_word' id='word_1_22' title='bbox 832 431 929 492; x_wconf 79' lang='lat' dir='ltr'><strong>radice</strong></span> <span class='ocrx_word' id='word_1_23' title='bbox 945 429 1122 508; x_wconf 84' lang='lat' dir='ltr'><strong>lrracchiat&#39;a,</strong></span> <span class='ocrx_word' id='word_1_24' title='bbox 1139 441 1169 492; x_wconf 91' lang='lat' dir='ltr'><strong>nt</strong></span> <span class='ocrx_word' id='word_1_25' title='bbox 1242 429 1243 510; x_wconf 60' lang='lat' dir='ltr'><strong>l</strong></span> 
     </span>
     <span class='ocr_line' id='line_1_4' title="bbox 176 515 1169 596; baseline -0.007 -15"><span class='ocrx_word' id='word_1_26' title='bbox 176 521 279 596; x_wconf 90' lang='lat' dir='ltr'><strong>ulmus,</strong></span> <span class='ocrx_word' id='word_1_27' title='bbox 296 519 351 579; x_wconf 91' lang='lat' dir='ltr'><strong>alia</strong></span> <span class='ocrx_word' id='word_1_28' title='bbox 368 518 397 576; x_wconf 95' lang='lat' dir='ltr'><strong>in</strong></span> <span class='ocrx_word' id='word_1_29' title='bbox 410 516 556 576; x_wconf 83' lang='lat' dir='ltr'><strong>cacumine</strong></span> <span class='ocrx_word' id='word_1_30' title='bbox 568 532 694 592; x_wconf 83' lang='lat' dir='ltr'><strong>ramosa,</strong></span> <span class='ocrx_word' id='word_1_31' title='bbox 711 524 742 575; x_wconf 91' lang='grc' dir='ltr'><strong>ιιι</strong></span> <span class='ocrx_word' id='word_1_32' title='bbox 753 515 847 595; x_wconf 84' lang='lat' dir='ltr'><strong>pinus,</strong></span> <span class='ocrx_word' id='word_1_33' title='bbox 863 515 931 578; x_wconf 87' lang='lat' dir='ltr'><strong>laha</strong></span> <span class='ocrx_word' id='word_1_34' title='bbox 946 515 1067 592; x_wconf 86' lang='lat' dir='ltr'><strong>Graeca,</strong></span> <span class='ocrx_word' id='word_1_35' title='bbox 1084 533 1169 593; x_wconf 87' lang='lat' dir='ltr'><strong>quam</strong></span> 
     </span>
     <span class='ocr_line' id='line_1_5' title="bbox 176 599 1169 678; baseline -0.003 -14"><span class='ocrx_word' id='word_1_36' title='bbox 176 604 285 664; x_wconf 84' lang='lat' dir='ltr'><strong>Romae</strong></span> <span class='ocrx_word' id='word_1_37' title='bbox 297 621 313 664; x_wconf 87' lang='lat' dir='ltr'><strong>a</strong></span> <span class='ocrx_word' id='word_1_38' title='bbox 325 599 585 662; x_wconf 85' lang='lat' dir='ltr'><strong>suavitateimctus</strong></span> <span class='ocrx_word' id='word_1_39' title='bbox 594 599 785 658; x_wconf 83' lang='lat' dir='ltr'><strong>-silrestris</strong></span> <span class='ocrx_word' id='word_1_40' title='bbox 796 601 924 678; x_wconf 90' lang='lat' dir='ltr'><strong>quidem,</strong></span> <span class='ocrx_word' id='word_1_41' title='bbox 938 599 990 660; x_wconf 87' lang='lat' dir='ltr'><strong>sed</strong></span> <span class='ocrx_word' id='word_1_42' title='bbox 1004 617 1169 661; x_wconf 83' lang='lat' dir='ltr'><strong>cerasorum</strong></span> 
     </span>
     <span class='ocr_line' id='line_1_6' title="bbox 134 681 1192 768; baseline -0.011 -15"><span class='ocrx_word' id='word_1_43' title='bbox 134 681 285 768; x_wconf 75' lang='lat' dir='ltr'><strong>lttpaenc</strong></span> <span class='ocrx_word' id='word_1_44' title='bbox 298 683 535 746; x_wconf 87' lang='lat' dir='ltr'><strong>natura-loton</strong></span> <span class='ocrx_word' id='word_1_45' title='bbox 551 683 710 761; x_wconf 90' lang='lat' dir='ltr'><strong>appellant.</strong></span> <span class='ocrx_word' id='word_1_46' title='bbox 736 684 895 761; x_wconf 80' lang='lat' dir='ltr'><strong>praecipue</strong></span> <span class='ocrx_word' id='word_1_47' title='bbox 912 685 1044 746; x_wconf 90' lang='lat' dir='ltr'><strong>domibus</strong></span> <span class='ocrx_word' id='word_1_48' title='bbox 1058 685 1192 762; x_wconf 77' lang='lat' dir='ltr'><strong>expeti-s</strong></span> 
     </span>
     <span class='ocr_line' id='line_1_7' title="bbox 176 765 1172 847; baseline -0.007 -14"><span class='ocrx_word' id='word_1_49' title='bbox 176 783 220 833; x_wconf 87' lang='lat' dir='ltr'><strong>tur</strong></span> <span class='ocrx_word' id='word_1_50' title='bbox 235 787 377 834; x_wconf 89' lang='lat' dir='ltr'><strong>ramorum</strong></span> <span class='ocrx_word' id='word_1_51' title='bbox 396 767 552 847; x_wconf 88' lang='lat' dir='ltr'><strong>petulantia</strong></span> <span class='ocrx_word' id='word_1_52' title='bbox 569 766 651 826; x_wconf 86' lang='lat' dir='ltr'><strong>brevi</strong></span> <span class='ocrx_word' id='word_1_53' title='bbox 664 765 784 827; x_wconf 84' lang='lat' dir='ltr'><strong>caudice</strong></span> <span class='ocrx_word' id='word_1_54' title='bbox 801 767 938 828; x_wconf 89' lang='lat' dir='ltr'><strong>latissima</strong></span> <span class='ocrx_word' id='word_1_55' title='bbox 951 769 1172 846; x_wconf 84' lang='lat' dir='ltr'><strong>exspatiantinm</strong></span> 
     </span>
     <span class='ocr_line' id='line_1_8' title="bbox 175 850 1170 932; baseline -0.006 -13"><span class='ocrx_word' id='word_1_56' title='bbox 175 856 274 918; x_wconf 87' lang='lat' dir='ltr'><strong>umbra</strong></span> <span class='ocrx_word' id='word_1_57' title='bbox 298 863 327 914; x_wconf 86' lang='lat' dir='ltr'><strong>et</strong></span> <span class='ocrx_word' id='word_1_58' title='bbox 346 855 375 913; x_wconf 88' lang='lat' dir='ltr'><strong>in</strong></span> <span class='ocrx_word' id='word_1_59' title='bbox 393 853 502 912; x_wconf 86' lang='lat' dir='ltr'><strong>vicinas</strong></span> <span class='ocrx_word' id='word_1_60' title='bbox 527 850 628 932; x_wconf 86' lang='lat' dir='ltr'><strong>domos</strong></span> <span class='ocrx_word' id='word_1_61' title='bbox 646 867 735 928; x_wconf 90' lang='lat' dir='ltr'><strong>saepe</strong></span> <span class='ocrx_word' id='word_1_62' title='bbox 751 852 977 912; x_wconf 77' lang='lat' dir='ltr'><strong>transilientium.</strong></span> <span class='ocrx_word' id='word_1_63' title='bbox 995 850 1085 912; x_wconf 85' lang='lat' dir='ltr'><strong>nulla</strong></span> <span class='ocrx_word' id='word_1_64' title='bbox 1100 868 1170 930; x_wconf 88' lang='lat' dir='ltr'><strong>opa-</strong></span> 
     </span>
     <span class='ocr_line' id='line_1_9' title="bbox 176 931 1171 1011; baseline -0.007 -10"><span class='ocrx_word' id='word_1_65' title='bbox 176 943 248 1001; x_wconf 90' lang='lat' dir='ltr'><strong>citas</strong></span> <span class='ocrx_word' id='word_1_66' title='bbox 274 938 407 1011; x_wconf 87' lang='lat' dir='ltr'><strong>brevior,</strong></span> <span class='ocrx_word' id='word_1_67' title='bbox 433 953 489 994; x_wconf 84' lang='lat' dir='ltr'><strong>nec</strong></span> <span class='ocrx_word' id='word_1_68' title='bbox 514 931 607 995; x_wconf 79' lang='lat' dir='ltr'><strong>aufert</strong></span> <span class='ocrx_word' id='word_1_69' title='bbox 626 933 721 994; x_wconf 90' lang='lat' dir='ltr'><strong>solem</strong></span> <span class='ocrx_word' id='word_1_70' title='bbox 742 936 836 997; x_wconf 87' lang='lat' dir='ltr'><strong>lrieme</strong></span> <span class='ocrx_word' id='word_1_71' title='bbox 858 933 1057 995; x_wconf 85' lang='lat' dir='ltr'><strong>decidentibus</strong></span> <span class='ocrx_word' id='word_1_72' title='bbox 1080 935 1171 996; x_wconf 85' lang='lat' dir='ltr'><strong>loliis.</strong></span> 
     </span>
     <span class='ocr_line' id='line_1_10' title="bbox 176 1017 1244 1112; baseline -0.004 -27"><span class='ocrx_word' id='word_1_73' title='bbox 176 1024 262 1084; x_wconf 90' lang='lat' dir='ltr'><strong>nullis</strong></span> <span class='ocrx_word' id='word_1_74' title='bbox 276 1031 379 1082; x_wconf 85' lang='lat' dir='ltr'><strong>cortex</strong></span> <span class='ocrx_word' id='word_1_75' title='bbox 394 1017 543 1079; x_wconf 90' lang='lat' dir='ltr'><strong>iucundior</strong></span> <span class='ocrx_word' id='word_1_76' title='bbox 558 1027 606 1079; x_wconf 90' lang='lat' dir='ltr'><strong>aut</strong></span> <span class='ocrx_word' id='word_1_77' title='bbox 619 1018 721 1079; x_wconf 87' lang='lat' dir='ltr'><strong>oculos</strong></span> <span class='ocrx_word' id='word_1_78' title='bbox 744 1019 892 1097; x_wconf 83' lang='lat' dir='ltr'><strong>excipiens</strong></span> <span class='ocrx_word' id='word_1_79' title='bbox 915 1017 1063 1093; x_wconf 88' lang='lat' dir='ltr'><strong>blandius,</strong></span> <span class='ocrx_word' id='word_1_80' title='bbox 1084 1019 1172 1080; x_wconf 91' lang='lat' dir='ltr'><strong>nullis</strong></span> <span class='ocrx_word' id='word_1_81' title='bbox 1243 1035 1244 1112; x_wconf 63' lang='lat' dir='ltr'><strong>q</strong></span> 
     </span>
     <span class='ocr_line' id='line_1_11' title="bbox 175 1101 1204 1182; baseline -0.004 -14"><span class='ocrx_word' id='word_1_82' title='bbox 175 1109 245 1168; x_wconf 90' lang='lat' dir='ltr'><strong>rami</strong></span> <span class='ocrx_word' id='word_1_83' title='bbox 260 1106 409 1182; x_wconf 83' lang='lat' dir='ltr'><strong>longiores</strong></span> <span class='ocrx_word' id='word_1_84' title='bbox 425 1101 642 1182; x_wconf 83' lang='lat' dir='ltr'><strong>validioresque</strong></span> <span class='ocrx_word' id='word_1_85' title='bbox 667 1112 715 1163; x_wconf 89' lang='lat' dir='ltr'><strong>aut</strong></span> <span class='ocrx_word' id='word_1_86' title='bbox 733 1103 849 1182; x_wconf 91' lang='lat' dir='ltr'><strong>plures,</strong></span> <span class='ocrx_word' id='word_1_87' title='bbox 870 1110 901 1160; x_wconf 91' lang='lat' dir='ltr'><strong>ut</strong></span> <span class='ocrx_word' id='word_1_88' title='bbox 922 1101 1031 1162; x_wconf 84' lang='lat' dir='ltr'><strong>dixisse</strong></span> <span class='ocrx_word' id='word_1_89' title='bbox 1050 1103 1171 1164; x_wconf 91' lang='lat' dir='ltr'><strong>totidem</strong></span> <span class='ocrx_word' id='word_1_90' title='bbox 1180 1123 1204 1165; x_wconf 83' lang='lat' dir='ltr'><strong>to</strong></span> 
     </span>
     <span class='ocr_line' id='line_1_12' title="bbox 175 1184 1172 1267; baseline -0.002 -17"><span class='ocrx_word' id='word_1_91' title='bbox 175 1190 297 1250; x_wconf 87' lang='lat' dir='ltr'><strong>arbores</strong></span> <span class='ocrx_word' id='word_1_92' title='bbox 318 1189 414 1248; x_wconf 87' lang='lat' dir='ltr'><strong>liceat.</strong></span> <span class='ocrx_word' id='word_1_93' title='bbox 452 1187 563 1248; x_wconf 85' lang='lat' dir='ltr'><strong>cortice</strong></span> <span class='ocrx_word' id='word_1_94' title='bbox 584 1187 671 1267; x_wconf 90' lang='lat' dir='ltr'><strong>pellis</strong></span> <span class='ocrx_word' id='word_1_95' title='bbox 691 1188 817 1263; x_wconf 85' lang='lat' dir='ltr'><strong>tingunt,</strong></span> <span class='ocrx_word' id='word_1_96' title='bbox 841 1184 940 1245; x_wconf 91' lang='lat' dir='ltr'><strong>radice</strong></span> <span class='ocrx_word' id='word_1_97' title='bbox 964 1186 1053 1246; x_wconf 89' lang='lat' dir='ltr'><strong>lanas.</strong></span> <span class='ocrx_word' id='word_1_98' title='bbox 1086 1188 1172 1248; x_wconf 87' lang='lat' dir='ltr'><strong>malis</strong></span> 
     </span>
     <span class='ocr_line' id='line_1_13' title="bbox 175 1268 1172 1353; baseline 0 -21"><span class='ocrx_word' id='word_1_99' title='bbox 175 1273 323 1353; x_wconf 90' lang='lat' dir='ltr'><strong>proprium</strong></span> <span class='ocrx_word' id='word_1_100' title='bbox 340 1289 441 1349; x_wconf 89' lang='lat' dir='ltr'><strong>genus.</strong></span> <span class='ocrx_word' id='word_1_101' title='bbox 472 1270 598 1333; x_wconf 86' lang='lat' dir='ltr'><strong>ferarum</strong></span> <span class='ocrx_word' id='word_1_102' title='bbox 608 1271 684 1332; x_wconf 90' lang='lat' dir='ltr'><strong>enim</strong></span> <span class='ocrx_word' id='word_1_103' title='bbox 698 1277 792 1331; x_wconf 90' lang='lat' dir='ltr'><strong>rostra</strong></span> <span class='ocrx_word' id='word_1_104' title='bbox 806 1268 931 1330; x_wconf 88' lang='lat' dir='ltr'><strong>reddunt</strong></span> <span class='ocrx_word' id='word_1_105' title='bbox 945 1269 1172 1332; x_wconf 81' lang='lat' dir='ltr'><strong>adhaerentibus</strong></span> 
     </span>
     <span class='ocr_line' id='line_1_14' title="bbox 175 1355 558 1416; baseline -0.008 0"><span class='ocrx_word' id='word_1_106' title='bbox 175 1357 223 1416; x_wconf 89' lang='lat' dir='ltr'><strong>uni</strong></span> <span class='ocrx_word' id='word_1_107' title='bbox 239 1373 371 1416; x_wconf 85' lang='lat' dir='ltr'><strong>maxumo</strong></span> <span class='ocrx_word' id='word_1_108' title='bbox 391 1355 558 1416; x_wconf 85' lang='lat' dir='ltr'><strong>minoribus.</strong></span> 
     </span>
    </p>

    <p class='ocr_par' dir='ltr' id='par_1_3' title="bbox 134 1437 1246 2167">
     <span class='ocr_line' id='line_1_15' title="bbox 134 1437 1170 1519; baseline -0.001 -16"><span class='ocrx_word' id='word_1_109' title='bbox 134 1449 185 1504; x_wconf 73' lang='lat'><strong>125</strong></span> <span class='ocrx_word' id='word_1_110' title='bbox 208 1491 211 1498; x_wconf 59' lang='lat'><strong>.</strong></span> <span class='ocrx_word' id='word_1_111' title='bbox 256 1439 340 1519; x_wconf 83' lang='lat'><strong>(54.)</strong></span> <span class='ocrx_word' id='word_1_112' title='bbox 370 1439 524 1499; x_wconf 84' lang='lat' dir='ltr'><strong>Remorum</strong></span> <span class='ocrx_word' id='word_1_113' title='bbox 539 1438 626 1517; x_wconf 85' lang='lat' dir='ltr'><strong>aliqui</strong></span> <span class='ocrx_word' id='word_1_114' title='bbox 641 1438 737 1513; x_wconf 89' lang='lat' dir='ltr'><strong>caeci,</strong></span> <span class='ocrx_word' id='word_1_115' title='bbox 760 1437 808 1516; x_wconf 91' lang='lat' dir='ltr'><strong>qni</strong></span> <span class='ocrx_word' id='word_1_116' title='bbox 825 1439 1074 1514; x_wconf 77' lang='lat' dir='ltr'><strong>congeminant,</strong></span> <span class='ocrx_word' id='word_1_117' title='bbox 1091 1441 1170 1518; x_wconf 93' lang='lat' dir='ltr'><strong>quod</strong></span> 
     </span>
     <span class='ocr_line' id='line_1_16' title="bbox 175 1522 1245 1600; baseline -0.003 -18"><span class='ocrx_word' id='word_1_118' title='bbox 175 1531 275 1583; x_wconf 89' lang='lat' dir='ltr'><strong>natura</strong></span> <span class='ocrx_word' id='word_1_119' title='bbox 289 1524 330 1600; x_wconf 90' lang='lat' dir='ltr'><strong>lit,</strong></span> <span class='ocrx_word' id='word_1_120' title='bbox 347 1524 371 1582; x_wconf 90' lang='lat' dir='ltr'><strong>si</strong></span> <span class='ocrx_word' id='word_1_121' title='bbox 387 1541 445 1582; x_wconf 93' lang='lat' dir='ltr'><strong>non</strong></span> <span class='ocrx_word' id='word_1_122' title='bbox 460 1523 607 1598; x_wconf 86' lang='lat' dir='ltr'><strong>evaluere,</strong></span> <span class='ocrx_word' id='word_1_123' title='bbox 623 1529 672 1581; x_wconf 91' lang='lat' dir='ltr'><strong>aut</strong></span> <span class='ocrx_word' id='word_1_124' title='bbox 682 1536 788 1600; x_wconf 89' lang='lat' dir='ltr'><strong>poena,</strong></span> <span class='ocrx_word' id='word_1_125' title='bbox 801 1539 864 1580; x_wconf 86' lang='lat' dir='ltr'><strong>curn</strong></span> <span class='ocrx_word' id='word_1_126' title='bbox 877 1522 1030 1599; x_wconf 86' lang='lat' dir='ltr'><strong>deputatos</strong></span> <span class='ocrx_word' id='word_1_127' title='bbox 1046 1525 1171 1584; x_wconf 85' lang='lat' dir='ltr'><strong>cicatrix</strong></span> <span class='ocrx_word' id='word_1_128' title='bbox 1180 1537 1204 1579; x_wconf 81' lang='lat' dir='ltr'><strong>rs</strong></span> <span class='ocrx_word' id='word_1_129' title='bbox 1244 1553 1245 1564; x_wconf 45' lang='grc' dir='ltr'>ι</span> 
     </span>
     <span class='ocr_line' id='line_1_17' title="bbox 175 1606 1172 1687; baseline 0.002 -21"><span class='ocrx_word' id='word_1_130' title='bbox 175 1606 332 1668; x_wconf 84' lang='lat' dir='ltr'><strong>hebetavit.</strong></span> <span class='ocrx_word' id='word_1_131' title='bbox 367 1623 441 1687; x_wconf 91' lang='lat' dir='ltr'><strong>qnae</strong></span> <span class='ocrx_word' id='word_1_132' title='bbox 467 1606 589 1667; x_wconf 83' lang='lat' dir='ltr'><strong>dividuis</strong></span> <span class='ocrx_word' id='word_1_133' title='bbox 614 1606 644 1664; x_wconf 93' lang='lat' dir='ltr'><strong>in</strong></span> <span class='ocrx_word' id='word_1_134' title='bbox 670 1619 748 1664; x_wconf 89' lang='lat' dir='ltr'><strong>ramo</strong></span> <span class='ocrx_word' id='word_1_135' title='bbox 775 1613 876 1666; x_wconf 88' lang='lat' dir='ltr'><strong>natura</strong></span> <span class='ocrx_word' id='word_1_136' title='bbox 900 1615 946 1667; x_wconf 83' lang='lat' dir='ltr'><strong>est</strong></span> <span class='ocrx_word' id='word_1_137' title='bbox 971 1606 1045 1668; x_wconf 89' lang='lat' dir='ltr'><strong>haec</strong></span> <span class='ocrx_word' id='word_1_138' title='bbox 1059 1609 1119 1668; x_wconf 44' lang='lat' dir='ltr'><strong>*viti</strong></span> <span class='ocrx_word' id='word_1_139' title='bbox 1141 1609 1172 1668; x_wconf 95' lang='lat' dir='ltr'><strong>in</strong></span> 
     </span>
     <span class='ocr_line' id='line_1_18' title="bbox 176 1688 1170 1770; baseline 0.002 -20"><span class='ocrx_word' id='word_1_140' title='bbox 176 1690 279 1768; x_wconf 88' lang='lat' dir='ltr'><strong>oculo,</strong></span> <span class='ocrx_word' id='word_1_141' title='bbox 294 1691 444 1752; x_wconf 88' lang='lat' dir='ltr'><strong>lrarundini</strong></span> <span class='ocrx_word' id='word_1_142' title='bbox 456 1689 646 1768; x_wconf 74' lang='lat' dir='ltr'><strong>ingenicolo.</strong></span> <span class='ocrx_word' id='word_1_143' title='bbox 677 1688 799 1750; x_wconf 89' lang='lat' dir='ltr'><strong>omnium</strong></span> <span class='ocrx_word' id='word_1_144' title='bbox 818 1698 914 1750; x_wconf 86' lang='lat' dir='ltr'><strong>terrae</strong></span> <span class='ocrx_word' id='word_1_145' title='bbox 935 1708 1074 1770; x_wconf 85' lang='lat' dir='ltr'><strong>proxuma</strong></span> <span class='ocrx_word' id='word_1_146' title='bbox 1089 1710 1170 1753; x_wconf 90' lang='lat' dir='ltr'><strong>cras·</strong></span> 
     </span>
     <span class='ocr_line' id='line_1_19' title="bbox 176 1772 1170 1855; baseline 0.004 -22"><span class='ocrx_word' id='word_1_147' title='bbox 176 1776 263 1835; x_wconf 91' lang='lat' dir='ltr'><strong>siora.</strong></span> <span class='ocrx_word' id='word_1_148' title='bbox 293 1776 322 1836; x_wconf 97' lang='lat' dir='ltr'><strong>in</strong></span> <span class='ocrx_word' id='word_1_149' title='bbox 342 1775 547 1852; x_wconf 84' lang='lat' dir='ltr'><strong>longitudinem</strong></span> <span class='ocrx_word' id='word_1_150' title='bbox 567 1781 740 1832; x_wconf 84' lang='lat' dir='ltr'><strong>excrescunt</strong></span> <span class='ocrx_word' id='word_1_151' title='bbox 755 1772 852 1849; x_wconf 90' lang='lat' dir='ltr'><strong>abies,</strong></span> <span class='ocrx_word' id='word_1_152' title='bbox 876 1774 965 1853; x_wconf 81' lang='lat' dir='ltr'><strong>larix,</strong></span> <span class='ocrx_word' id='word_1_153' title='bbox 981 1777 1092 1855; x_wconf 84' lang='lat' dir='ltr'><strong>palma,</strong></span> <span class='ocrx_word' id='word_1_154' title='bbox 1120 1795 1170 1838; x_wconf 93' lang='lat' dir='ltr'><strong>cn·</strong></span> 
     </span>
     <span class='ocr_line' id='line_1_20' title="bbox 177 1855 1172 1936; baseline 0.002 -18"><span class='ocrx_word' id='word_1_155' title='bbox 177 1876 306 1936; x_wconf 86' lang='lat' dir='ltr'><strong>pressus,</strong></span> <span class='ocrx_word' id='word_1_156' title='bbox 319 1859 411 1917; x_wconf 89' lang='lat' dir='ltr'><strong>ulmus</strong></span> <span class='ocrx_word' id='word_1_157' title='bbox 427 1866 456 1916; x_wconf 92' lang='lat' dir='ltr'><strong>et</strong></span> <span class='ocrx_word' id='word_1_158' title='bbox 471 1858 496 1915; x_wconf 91' lang='lat' dir='ltr'><strong>si</strong></span> <span class='ocrx_word' id='word_1_159' title='bbox 511 1855 732 1934; x_wconf 87' lang='lat' dir='ltr'><strong>quaunistirpia.</strong></span> <span class='ocrx_word' id='word_1_160' title='bbox 762 1873 938 1920; x_wconf 87' lang='lat' dir='ltr'><strong>ramosarum</strong></span> <span class='ocrx_word' id='word_1_161' title='bbox 950 1877 1069 1920; x_wconf 87' lang='lat' dir='ltr'><strong>cerasus</strong></span> <span class='ocrx_word' id='word_1_162' title='bbox 1083 1860 1172 1921; x_wconf 86' lang='lat' dir='ltr'><strong>etiarn</strong></span> 
     </span>
     <span class='ocr_line' id='line_1_21' title="bbox 175 1937 1205 2020; baseline 0.004 -20"><span class='ocrx_word' id='word_1_163' title='bbox 175 1943 204 2000; x_wconf 91' lang='lat' dir='ltr'><strong>in</strong></span> <span class='ocrx_word' id='word_1_164' title='bbox 225 1955 271 2000; x_wconf 77' lang='lat' dir='ltr'><strong>xr.</strong></span> <span class='ocrx_word' id='word_1_165' title='bbox 288 1939 446 2001; x_wconf 86' lang='lat' dir='ltr'><strong>cubitorum</strong></span> <span class='ocrx_word' id='word_1_166' title='bbox 467 1937 557 1998; x_wconf 90' lang='lat' dir='ltr'><strong>trahis</strong></span> <span class='ocrx_word' id='word_1_167' title='bbox 578 1938 692 2016; x_wconf 88' lang='lat' dir='ltr'><strong>aequali</strong></span> <span class='ocrx_word' id='word_1_168' title='bbox 716 1957 770 2020; x_wconf 94' lang='lat' dir='ltr'><strong>per</strong></span> <span class='ocrx_word' id='word_1_169' title='bbox 791 1950 879 2002; x_wconf 86' lang='lat' dir='ltr'><strong>totam</strong></span> <span class='ocrx_word' id='word_1_170' title='bbox 900 1943 985 2003; x_wconf 90' lang='lat' dir='ltr'><strong>dunrn</strong></span> <span class='ocrx_word' id='word_1_171' title='bbox 1006 1944 1205 2004; x_wconf 84' lang='lat' dir='ltr'><strong>cubitorumso</strong></span> 
     </span>
     <span class='ocr_line' id='line_1_22' title="bbox 176 2023 1246 2107; baseline 0.006 -22"><span class='ocrx_word' id='word_1_172' title='bbox 176 2024 364 2085; x_wconf 86' lang='lat' dir='ltr'><strong>crassitudine</strong></span> <span class='ocrx_word' id='word_1_173' title='bbox 380 2023 534 2102; x_wconf 85' lang='lat' dir='ltr'><strong>reperitur.</strong></span> <span class='ocrx_word' id='word_1_174' title='bbox 564 2023 703 2102; x_wconf 87' lang='lat' dir='ltr'><strong>quaedam</strong></span> <span class='ocrx_word' id='word_1_175' title='bbox 719 2027 813 2088; x_wconf 85' lang='lat' dir='ltr'><strong>statim</strong></span> <span class='ocrx_word' id='word_1_176' title='bbox 829 2027 857 2085; x_wconf 93' lang='lat' dir='ltr'><strong>in</strong></span> <span class='ocrx_word' id='word_1_177' title='bbox 872 2043 967 2088; x_wconf 87' lang='lat' dir='ltr'><strong>ramos</strong></span> <span class='ocrx_word' id='word_1_178' title='bbox 982 2035 1171 2107; x_wconf 86' lang='lat' dir='ltr'><strong>sparguntur,</strong></span> <span class='ocrx_word' id='word_1_179' title='bbox 1245 2055 1246 2098; x_wconf 80' lang='grc' dir='ltr'>ι</span> 
     </span>
     <span class='ocr_line' id='line_1_23' title="bbox 174 2106 296 2167; baseline 0 -1"><span class='ocrx_word' id='word_1_180' title='bbox 174 2116 205 2166; x_wconf 92' lang='lat' dir='ltr'><strong>ut</strong></span> <span class='ocrx_word' id='word_1_181' title='bbox 221 2106 296 2167; x_wconf 90' lang='lat' dir='ltr'><strong>mali.</strong></span> 
     </span>
    </p>

    <p class='ocr_par' dir='ltr' id='par_1_4' title="bbox 133 2188 1173 2354">
     <span class='ocr_line' id='line_1_24' title="bbox 133 2188 1173 2270; baseline 0 -16"><span class='ocrx_word' id='word_1_182' title='bbox 133 2199 185 2255; x_wconf 78' lang='lat'><strong>126</strong></span> <span class='ocrx_word' id='word_1_183' title='bbox 256 2189 305 2251; x_wconf 85' lang='lat'><strong>31.</strong></span> <span class='ocrx_word' id='word_1_184' title='bbox 330 2190 412 2270; x_wconf 87' lang='grc'>(55.)</span> <span class='ocrx_word' id='word_1_185' title='bbox 436 2188 546 2252; x_wconf 79' lang='lat' dir='ltr'><strong>Cortex</strong></span> <span class='ocrx_word' id='word_1_186' title='bbox 560 2193 623 2255; x_wconf 88' lang='lat' dir='ltr'><strong>aliis</strong></span> <span class='ocrx_word' id='word_1_187' title='bbox 634 2193 739 2268; x_wconf 85' lang='lat' dir='ltr'><strong>tannis,</strong></span> <span class='ocrx_word' id='word_1_188' title='bbox 752 2201 783 2253; x_wconf 90' lang='lat' dir='ltr'><strong>nt</strong></span> <span class='ocrx_word' id='word_1_189' title='bbox 797 2193 889 2268; x_wconf 89' lang='lat' dir='ltr'><strong>lauro,</strong></span> <span class='ocrx_word' id='word_1_190' title='bbox 903 2193 993 2266; x_wconf 87' lang='lat' dir='ltr'><strong>tiliae,</strong></span> <span class='ocrx_word' id='word_1_191' title='bbox 1010 2191 1075 2250; x_wconf 89' lang='lat' dir='ltr'><strong>aliis</strong></span> <span class='ocrx_word' id='word_1_192' title='bbox 1088 2209 1173 2254; x_wconf 88' lang='lat' dir='ltr'><strong>cras·</strong></span> 
     </span>
     <span class='ocr_line' id='line_1_25' title="bbox 176 2273 1171 2354; baseline 0.004 -20"><span class='ocrx_word' id='word_1_193' title='bbox 176 2293 235 2351; x_wconf 89' lang='lat' dir='ltr'><strong>sus,</strong></span> <span class='ocrx_word' id='word_1_194' title='bbox 252 2284 283 2335; x_wconf 88' lang='lat' dir='ltr'><strong>ut</strong></span> <span class='ocrx_word' id='word_1_195' title='bbox 299 2273 408 2350; x_wconf 90' lang='lat' dir='ltr'><strong>robori,</strong></span> <span class='ocrx_word' id='word_1_196' title='bbox 423 2275 487 2336; x_wconf 91' lang='lat' dir='ltr'><strong>aliis</strong></span> <span class='ocrx_word' id='word_1_197' title='bbox 502 2275 586 2352; x_wconf 85' lang='lat' dir='ltr'><strong>levis,</strong></span> <span class='ocrx_word' id='word_1_198' title='bbox 601 2286 632 2336; x_wconf 89' lang='lat' dir='ltr'><strong>ut</strong></span> <span class='ocrx_word' id='word_1_199' title='bbox 645 2276 732 2350; x_wconf 89' lang='lat' dir='ltr'><strong>malo,</strong></span> <span class='ocrx_word' id='word_1_200' title='bbox 754 2275 821 2351; x_wconf 87' lang='lat' dir='ltr'><strong>lico,</strong></span> <span class='ocrx_word' id='word_1_201' title='bbox 844 2275 920 2334; x_wconf 88' lang='lat' dir='ltr'><strong>idem</strong></span> <span class='ocrx_word' id='word_1_202' title='bbox 935 2275 1040 2336; x_wconf 88' lang='lat' dir='ltr'><strong>scaber</strong></span> <span class='ocrx_word' id='word_1_203' title='bbox 1053 2275 1171 2354; x_wconf 89' lang='lat' dir='ltr'><strong>robori,</strong></span> 
     </span>
    </p>

    <p class='ocr_par' dir='ltr' id='par_1_5' title="bbox 84 2357 1246 2766">
     <span class='ocr_line' id='line_1_26' title="bbox 84 2357 1205 2444; baseline 0.002 -28"><span class='ocrx_word' id='word_1_204' title='bbox 84 2411 87 2416; x_wconf 89' lang='lat'><strong>.</strong></span> <span class='ocrx_word' id='word_1_205' title='bbox 174 2359 303 2438; x_wconf 89' lang='lat' dir='ltr'><strong>palmae,</strong></span> <span class='ocrx_word' id='word_1_206' title='bbox 324 2359 454 2419; x_wconf 88' lang='lat' dir='ltr'><strong>omnibns</strong></span> <span class='ocrx_word' id='word_1_207' title='bbox 468 2360 496 2416; x_wconf 90' lang='lat' dir='ltr'><strong>in</strong></span> <span class='ocrx_word' id='word_1_208' title='bbox 514 2368 633 2417; x_wconf 81' lang='lat' dir='ltr'><strong>senecta</strong></span> <span class='ocrx_word' id='word_1_209' title='bbox 654 2358 798 2434; x_wconf 77' lang='lat' dir='ltr'><strong>rugosior.</strong></span> <span class='ocrx_word' id='word_1_210' title='bbox 835 2357 1002 2444; x_wconf 87' lang='lat' dir='ltr'><strong>quibusdam</strong></span> <span class='ocrx_word' id='word_1_211' title='bbox 1026 2361 1170 2440; x_wconf 86' lang='lat' dir='ltr'><strong>rumpitur</strong></span> <span class='ocrx_word' id='word_1_212' title='bbox 1179 2379 1205 2420; x_wconf 81' lang='lat' dir='ltr'><strong>as</strong></span> 
     </span>
     <span class='ocr_line' id='line_1_27' title="bbox 175 2439 1169 2520; baseline 0.003 -17"><span class='ocrx_word' id='word_1_213' title='bbox 175 2451 289 2520; x_wconf 90' lang='lat' dir='ltr'><strong>sponte,</strong></span> <span class='ocrx_word' id='word_1_214' title='bbox 305 2449 336 2500; x_wconf 93' lang='lat' dir='ltr'><strong>nt</strong></span> <span class='ocrx_word' id='word_1_215' title='bbox 350 2443 411 2516; x_wconf 85' lang='lat' dir='ltr'><strong>viti,</strong></span> <span class='ocrx_word' id='word_1_216' title='bbox 427 2439 593 2517; x_wconf 88' lang='lat' dir='ltr'><strong>quibusdam</strong></span> <span class='ocrx_word' id='word_1_217' title='bbox 608 2440 693 2500; x_wconf 87' lang='lat' dir='ltr'><strong>etiam</strong></span> <span class='ocrx_word' id='word_1_218' title='bbox 711 2440 796 2518; x_wconf 90' lang='lat' dir='ltr'><strong>cadit,</strong></span> <span class='ocrx_word' id='word_1_219' title='bbox 808 2451 838 2501; x_wconf 88' lang='grc' dir='ltr'><strong>ιιι</strong></span> <span class='ocrx_word' id='word_1_220' title='bbox 849 2442 935 2518; x_wconf 88' lang='lat' dir='ltr'><strong>malo,</strong></span> <span class='ocrx_word' id='word_1_221' title='bbox 951 2441 1087 2520; x_wconf 88' lang='lat' dir='ltr'><strong>unedoni,</strong></span> <span class='ocrx_word' id='word_1_222' title='bbox 1103 2462 1169 2506; x_wconf 89' lang='lat' dir='ltr'><strong>car·</strong></span> 
     </span>
     <span class='ocr_line' id='line_1_28' title="bbox 173 2521 1246 2603; baseline 0.005 -19"><span class='ocrx_word' id='word_1_223' title='bbox 173 2541 262 2584; x_wconf 86' lang='lat' dir='ltr'><strong>nesus</strong></span> <span class='ocrx_word' id='word_1_224' title='bbox 277 2523 390 2598; x_wconf 88' lang='lat' dir='ltr'><strong>suberi,</strong></span> <span class='ocrx_word' id='word_1_225' title='bbox 412 2521 538 2601; x_wconf 90' lang='lat' dir='ltr'><strong>populo,</strong></span> <span class='ocrx_word' id='word_1_226' title='bbox 560 2523 796 2586; x_wconf 87' lang='lat' dir='ltr'><strong>membranaceus</strong></span> <span class='ocrx_word' id='word_1_227' title='bbox 811 2526 879 2602; x_wconf 88' lang='lat' dir='ltr'><strong>viti,</strong></span> <span class='ocrx_word' id='word_1_228' title='bbox 900 2526 1065 2603; x_wconf 90' lang='lat' dir='ltr'><strong>harundini,</strong></span> <span class='ocrx_word' id='word_1_229' title='bbox 1084 2527 1169 2588; x_wconf 90' lang='lat' dir='ltr'><strong>libris</strong></span> <span class='ocrx_word' id='word_1_230' title='bbox 1244 2561 1246 2564; x_wconf 95' lang='lat'>·</span> 
     </span>
     <span class='ocr_line' id='line_1_29' title="bbox 174 2605 1168 2691; baseline 0.007 -26"><span class='ocrx_word' id='word_1_231' title='bbox 174 2606 272 2666; x_wconf 87' lang='lat' dir='ltr'><strong>similis</strong></span> <span class='ocrx_word' id='word_1_232' title='bbox 289 2623 403 2681; x_wconf 89' lang='lat' dir='ltr'><strong>ceraso,</strong></span> <span class='ocrx_word' id='word_1_233' title='bbox 418 2605 569 2684; x_wconf 85' lang='lat' dir='ltr'><strong>multiplex</strong></span> <span class='ocrx_word' id='word_1_234' title='bbox 584 2608 687 2669; x_wconf 87' lang='lat' dir='ltr'><strong>tunicis</strong></span> <span class='ocrx_word' id='word_1_235' title='bbox 697 2608 813 2687; x_wconf 88' lang='lat' dir='ltr'><strong>vitibus,</strong></span> <span class='ocrx_word' id='word_1_236' title='bbox 830 2610 920 2687; x_wconf 87' lang='lat' dir='ltr'><strong>tiliae,</strong></span> <span class='ocrx_word' id='word_1_237' title='bbox 932 2610 1030 2688; x_wconf 87' lang='lat' dir='ltr'><strong>abieti,</strong></span> <span class='ocrx_word' id='word_1_238' title='bbox 1047 2610 1168 2691; x_wconf 87' lang='lat' dir='ltr'><strong>quibus·</strong></span> 
     </span>
     <span class='ocr_line' id='line_1_30' title="bbox 175 2687 709 2766; baseline 0.004 -18"><span class='ocrx_word' id='word_1_239' title='bbox 175 2688 237 2748; x_wconf 88' lang='lat' dir='ltr'><strong>dam</strong></span> <span class='ocrx_word' id='word_1_240' title='bbox 253 2688 385 2766; x_wconf 86' lang='lat' dir='ltr'><strong>simplex,</strong></span> <span class='ocrx_word' id='word_1_241' title='bbox 400 2696 431 2748; x_wconf 91' lang='grc' dir='ltr'><strong>ιιι</strong></span> <span class='ocrx_word' id='word_1_242' title='bbox 446 2687 513 2766; x_wconf 88' lang='lat' dir='ltr'><strong>lico,</strong></span> <span class='ocrx_word' id='word_1_243' title='bbox 528 2689 686 2755; x_wconf 87' lang='lat' dir='ltr'><strong>harundini.</strong></span> <span class='ocrx_word' id='word_1_244' title='bbox 706 2700 709 2707; x_wconf 86' lang='lat'>&#39;</span> 
     </span>
    </p>

    <p class='ocr_par' dir='ltr' id='par_1_6' title="bbox 133 2771 1205 3275">
     <span class='ocr_line' id='line_1_31' title="bbox 133 2771 1205 2856; baseline 0.001 -21"><span class='ocrx_word' id='word_1_245' title='bbox 133 2779 182 2835; x_wconf 71' lang='lat' dir='ltr'><strong>lli</strong></span> <span class='ocrx_word' id='word_1_246' title='bbox 255 2772 338 2851; x_wconf 84' lang='grc'>(56.)</span> <span class='ocrx_word' id='word_1_247' title='bbox 368 2771 472 2850; x_wconf 82' lang='lat' dir='ltr'><strong>Magne</strong></span> <span class='ocrx_word' id='word_1_248' title='bbox 488 2780 518 2833; x_wconf 91' lang='lat' dir='ltr'><strong>et</strong></span> <span class='ocrx_word' id='word_1_249' title='bbox 530 2774 658 2836; x_wconf 90' lang='lat' dir='ltr'><strong>radicum</strong></span> <span class='ocrx_word' id='word_1_250' title='bbox 673 2773 849 2838; x_wconf 78' lang='lat' dir='ltr'><strong>differentia:</strong></span> <span class='ocrx_word' id='word_1_251' title='bbox 876 2777 1016 2855; x_wconf 88' lang='lat' dir='ltr'><strong>copiosas</strong></span> <span class='ocrx_word' id='word_1_252' title='bbox 1032 2780 1100 2856; x_wconf 88' lang='lat' dir='ltr'><strong>lico,</strong></span> <span class='ocrx_word' id='word_1_253' title='bbox 1114 2797 1167 2842; x_wconf 91' lang='lat' dir='ltr'><strong>ro·</strong></span> <span class='ocrx_word' id='word_1_254' title='bbox 1177 2793 1205 2836; x_wconf 84' lang='lat' dir='ltr'><strong>sc</strong></span> 
     </span>
     <span class='ocr_line' id='line_1_32' title="bbox 173 2853 1168 2942; baseline 0.011 -28"><span class='ocrx_word' id='word_1_255' title='bbox 173 2853 253 2930; x_wconf 87' lang='lat' dir='ltr'><strong>hori,</strong></span> <span class='ocrx_word' id='word_1_256' title='bbox 275 2856 406 2934; x_wconf 89' lang='lat' dir='ltr'><strong>platano,</strong></span> <span class='ocrx_word' id='word_1_257' title='bbox 427 2855 533 2918; x_wconf 85' lang='lat' dir='ltr'><strong>breves</strong></span> <span class='ocrx_word' id='word_1_258' title='bbox 555 2867 586 2918; x_wconf 83' lang='lat' dir='ltr'><strong>et</strong></span> <span class='ocrx_word' id='word_1_259' title='bbox 604 2867 742 2934; x_wconf 82' lang='lat' dir='ltr'><strong>angustae</strong></span> <span class='ocrx_word' id='word_1_260' title='bbox 762 2860 856 2935; x_wconf 89' lang='lat' dir='ltr'><strong>malo,</strong></span> <span class='ocrx_word' id='word_1_261' title='bbox 879 2861 1042 2938; x_wconf 86' lang='lat' dir='ltr'><strong>singulares</strong></span> <span class='ocrx_word' id='word_1_262' title='bbox 1063 2863 1168 2942; x_wconf 89' lang='lat' dir='ltr'><strong>abieti,</strong></span> 
     </span>
     <span class='ocr_line' id='line_1_33' title="bbox 174 2938 1168 3022; baseline 0.012 -24"><span class='ocrx_word' id='word_1_263' title='bbox 174 2938 265 2999; x_wconf 92' lang='lat' dir='ltr'><strong>larici.</strong></span> <span class='ocrx_word' id='word_1_264' title='bbox 297 2939 417 3017; x_wconf 89' lang='lat' dir='ltr'><strong>singulis</strong></span> <span class='ocrx_word' id='word_1_265' title='bbox 432 2941 507 3000; x_wconf 90' lang='lat' dir='ltr'><strong>enirn</strong></span> <span class='ocrx_word' id='word_1_266' title='bbox 522 2941 690 3020; x_wconf 89' lang='lat' dir='ltr'><strong>innituntur,</strong></span> <span class='ocrx_word' id='word_1_267' title='bbox 713 2959 881 3022; x_wconf 87' lang='lat' dir='ltr'><strong>quamquam</strong></span> <span class='ocrx_word' id='word_1_268' title='bbox 896 2947 1008 3007; x_wconf 87' lang='lat' dir='ltr'><strong>minutis</strong></span> <span class='ocrx_word' id='word_1_269' title='bbox 1022 2948 1051 3006; x_wconf 93' lang='lat' dir='ltr'><strong>in</strong></span> <span class='ocrx_word' id='word_1_270' title='bbox 1071 2947 1168 3010; x_wconf 88' lang='lat' dir='ltr'><strong>latera</strong></span> 
     </span>
     <span class='ocr_line' id='line_1_34' title="bbox 173 3022 1168 3109; baseline 0.011 -28"><span class='ocrx_word' id='word_1_271' title='bbox 173 3022 321 3101; x_wconf 80' lang='lat' dir='ltr'><strong>dispersis.</strong></span> <span class='ocrx_word' id='word_1_272' title='bbox 353 3024 513 3084; x_wconf 87' lang='lat' dir='ltr'><strong>crassiores</strong></span> <span class='ocrx_word' id='word_1_273' title='bbox 528 3024 609 3084; x_wconf 89' lang='lat' dir='ltr'><strong>lauro</strong></span> <span class='ocrx_word' id='word_1_274' title='bbox 625 3034 655 3084; x_wconf 88' lang='lat' dir='ltr'><strong>et</strong></span> <span class='ocrx_word' id='word_1_275' title='bbox 668 3025 852 3105; x_wconf 87' lang='lat' dir='ltr'><strong>inaequales,</strong></span> <span class='ocrx_word' id='word_1_276' title='bbox 868 3029 937 3090; x_wconf 90' lang='lat' dir='ltr'><strong>item</strong></span> <span class='ocrx_word' id='word_1_277' title='bbox 952 3029 1054 3109; x_wconf 89' lang='lat' dir='ltr'><strong>oleae,</strong></span> <span class='ocrx_word' id='word_1_278' title='bbox 1072 3032 1117 3090; x_wconf 88' lang='lat' dir='ltr'><strong>cui</strong></span> <span class='ocrx_word' id='word_1_279' title='bbox 1134 3032 1168 3092; x_wconf 85' lang='lat' dir='ltr'><strong>et</strong></span> 
     </span>
     <span class='ocr_line' id='line_1_35' title="bbox 172 3106 1166 3192; baseline 0.011 -28"><span class='ocrx_word' id='word_1_280' title='bbox 172 3122 313 3166; x_wconf 85' lang='lat' dir='ltr'><strong>ramosae.</strong></span> <span class='ocrx_word' id='word_1_281' title='bbox 350 3115 379 3168; x_wconf 89' lang='lat' dir='ltr'><strong>at</strong></span> <span class='ocrx_word' id='word_1_282' title='bbox 401 3106 501 3167; x_wconf 90' lang='lat' dir='ltr'><strong>robori</strong></span> <span class='ocrx_word' id='word_1_283' title='bbox 524 3125 673 3170; x_wconf 87' lang='lat' dir='ltr'><strong>carnosae.</strong></span> <span class='ocrx_word' id='word_1_284' title='bbox 711 3109 819 3171; x_wconf 89' lang='lat' dir='ltr'><strong>robora</strong></span> <span class='ocrx_word' id='word_1_285' title='bbox 846 3131 913 3172; x_wconf 88' lang='lat' dir='ltr'><strong>suas</strong></span> <span class='ocrx_word' id='word_1_286' title='bbox 938 3113 967 3172; x_wconf 91' lang='lat' dir='ltr'><strong>in</strong></span> <span class='ocrx_word' id='word_1_287' title='bbox 992 3113 1166 3192; x_wconf 82' lang='lat' dir='ltr'><strong>profundum</strong></span> 
     </span>
     <span class='ocr_line' id='line_1_36' title="bbox 173 3190 1202 3275; baseline 0.013 -29"><span class='ocrx_word' id='word_1_288' title='bbox 173 3196 268 3264; x_wconf 86' lang='lat' dir='ltr'><strong>agunt.</strong></span> <span class='ocrx_word' id='word_1_289' title='bbox 300 3191 324 3249; x_wconf 92' lang='lat' dir='ltr'><strong>si</strong></span> <span class='ocrx_word' id='word_1_290' title='bbox 338 3190 469 3267; x_wconf 85' lang='lat' dir='ltr'><strong>Vergilio</strong></span> <span class='ocrx_word' id='word_1_291' title='bbox 485 3191 597 3270; x_wconf 91' lang='lat' dir='ltr'><strong>quidem</strong></span> <span class='ocrx_word' id='word_1_292' title='bbox 612 3193 771 3272; x_wconf 88' lang='lat' dir='ltr'><strong>credimus,</strong></span> <span class='ocrx_word' id='word_1_293' title='bbox 791 3195 925 3255; x_wconf 90' lang='lat' dir='ltr'><strong>aesculus</strong></span> <span class='ocrx_word' id='word_1_294' title='bbox 947 3207 1079 3275; x_wconf 90' lang='lat' dir='ltr'><strong>qnantum</strong></span> <span class='ocrx_word' id='word_1_295' title='bbox 1095 3215 1163 3259; x_wconf 92' lang='lat' dir='ltr'><strong>cor·</strong></span> <span class='ocrx_word' id='word_1_296' title='bbox 1173 3215 1202 3258; x_wconf 83' lang='lat' dir='ltr'><strong>ss</strong></span> 
     </span>
    </p>

    <p class='ocr_par' dir='ltr' id='par_1_7' title="bbox 132 3274 1165 3526">
     <span class='ocr_line' id='line_1_37' title="bbox 132 3274 1165 3361; baseline 0.014 -30"><span class='ocrx_word' id='word_1_297' title='bbox 132 3277 183 3333; x_wconf 74' lang='lat'><strong>128</strong></span> <span class='ocrx_word' id='word_1_298' title='bbox 193 3287 266 3347; x_wconf 89' lang='lat' dir='ltr'><strong>pore</strong></span> <span class='ocrx_word' id='word_1_299' title='bbox 288 3274 392 3334; x_wconf 87' lang='lat' dir='ltr'><strong>eminet</strong></span> <span class='ocrx_word' id='word_1_300' title='bbox 410 3282 516 3334; x_wconf 89' lang='lat' dir='ltr'><strong>tanturn</strong></span> <span class='ocrx_word' id='word_1_301' title='bbox 535 3276 634 3337; x_wconf 89' lang='lat' dir='ltr'><strong>radice</strong></span> <span class='ocrx_word' id='word_1_302' title='bbox 655 3277 815 3344; x_wconf 89' lang='lat' dir='ltr'><strong>descendit.</strong></span> <span class='ocrx_word' id='word_1_303' title='bbox 858 3278 944 3339; x_wconf 89' lang='lat' dir='ltr'><strong>oleae</strong></span> <span class='ocrx_word' id='word_1_304' title='bbox 967 3281 1106 3361; x_wconf 82' lang='lat' dir='ltr'><strong>malisque</strong></span> <span class='ocrx_word' id='word_1_305' title='bbox 1129 3292 1165 3345; x_wconf 85' lang='lat' dir='ltr'><strong>et</strong></span> 
     </span>
     <span class='ocr_line' id='line_1_38' title="bbox 173 3357 1162 3445; baseline 0.013 -32"><span class='ocrx_word' id='word_1_306' title='bbox 173 3357 329 3432; x_wconf 84' lang='lat' dir='ltr'><strong>cupressis,</strong></span> <span class='ocrx_word' id='word_1_307' title='bbox 346 3375 519 3435; x_wconf 82' lang='lat' dir='ltr'><strong>persumme</strong></span> <span class='ocrx_word' id='word_1_308' title='bbox 537 3361 704 3438; x_wconf 88' lang='lat' dir='ltr'><strong>caespitum,</strong></span> <span class='ocrx_word' id='word_1_309' title='bbox 723 3362 787 3424; x_wconf 89' lang='lat' dir='ltr'><strong>aliis</strong></span> <span class='ocrx_word' id='word_1_310' title='bbox 802 3370 884 3423; x_wconf 88' lang='lat' dir='ltr'><strong>recto</strong></span> <span class='ocrx_word' id='word_1_311' title='bbox 899 3371 1004 3441; x_wconf 88' lang='lat' dir='ltr'><strong>meatu,</strong></span> <span class='ocrx_word' id='word_1_312' title='bbox 1019 3372 1050 3425; x_wconf 93' lang='lat' dir='ltr'><strong>ut</strong></span> <span class='ocrx_word' id='word_1_313' title='bbox 1065 3365 1162 3445; x_wconf 84' lang='lat' dir='ltr'><strong>lauro,</strong></span> 
     </span>
     <span class='ocr_line' id='line_1_39' title="bbox 172 3435 1164 3526; baseline 0.018 -30"><span class='ocrx_word' id='word_1_314' title='bbox 172 3435 274 3516; x_wconf 87' lang='lat' dir='ltr'><strong>oleae,</strong></span> <span class='ocrx_word' id='word_1_315' title='bbox 300 3439 363 3502; x_wconf 92' lang='lat' dir='ltr'><strong>aliis</strong></span> <span class='ocrx_word' id='word_1_316' title='bbox 387 3439 537 3521; x_wconf 82' lang='lat' dir='ltr'><strong>flexuoso,</strong></span> <span class='ocrx_word' id='word_1_317' title='bbox 564 3451 595 3504; x_wconf 92' lang='lat' dir='ltr'><strong>nt</strong></span> <span class='ocrx_word' id='word_1_318' title='bbox 615 3443 680 3506; x_wconf 91' lang='lat' dir='ltr'><strong>lico.</strong></span> <span class='ocrx_word' id='word_1_319' title='bbox 722 3447 835 3508; x_wconf 89' lang='lat' dir='ltr'><strong>minutis</strong></span> <span class='ocrx_word' id='word_1_320' title='bbox 855 3445 929 3508; x_wconf 87' lang='lat' dir='ltr'><strong>lraec</strong></span> <span class='ocrx_word' id='word_1_321' title='bbox 951 3447 1164 3526; x_wconf 86' lang='lat' dir='ltr'><strong>capillamentis</strong></span> 
     </span>
    </p>
   </div>
   <div class='ocr_carea' id='block_1_3' title="bbox 0 0 1262 3858">
    <p class='ocr_par' dir='ltr' id='par_1_8' title="bbox 0 0 1262 3858">
     <span class='ocr_line' id='line_1_40' title="bbox 0 0 1262 3858; baseline 0 0"><span class='ocrx_word' id='word_1_322' title='bbox 0 0 1262 3858; x_wconf 95' lang='lat' dir='ltr'><strong> </strong></span> 
     </span>
    </p>
   </div>
  </div>
 </body>
</html>
