2552 3866
341 222 428 275 ,nnn
450 221 541 270 nnsn.
562 224 622 274 nn.
645 221 731 274 6-7.
756 209 905 298 (ns-he)
1053 173 1125 278 t97

125 381 209 458 ignis.
243 376 397 455 suggillata
413 380 461 436 aut
482 377 599 437 liventia
615 377 650 438 ad
669 377 800 437 colorem
820 381 932 441 reducit
947 383 1125 445 combustum
1267 447 1268 456 ,

126 484 163 525 ex
178 461 276 525 melle.
315 461 435 521 credunt
455 470 483 520 et
501 461 671 521 comitialem
688 461 818 522 morbum
833 466 944 541 sanari,
963 469 987 526 si
1006 459 1069 546 quis
1085 480 1168 537 eote
1202 509 1207 520 ·

125 551 153 608 in
167 547 244 608 cibis
258 554 352 605 utatur
366 563 400 620 ac
417 546 553 622 potione,
575 553 728 622 quartanas
743 565 860 626 quoque
876 559 1013 610 excutere
1028 561 1126 630 potum
1231 539 1234 559 ”

126 639 214 710 caput
227 647 312 690 unnim
333 645 395 688 cum
414 628 551 708 laserpici
570 629 710 690 oboloin
726 633 792 690 vino
810 641 938 693 austero.
976 637 1126 708 tussimet

102 716 182 776 salio
208 714 295 774 modo
325 731 360 772 ac
387 721 537 790 pectorum
558 715 793 792 suppurationes
822 716 1018 794 quantaslibet
1044 731 1126 780 sanat

124 800 234 861 fractae
250 799 393 868 incoctum
408 789 493 856 tabat
511 805 597 874 atque
611 800 650 857 ita
663 799 693 857 in
709 798 774 858 cibo
791 809 933 879 sumptum
946 800 1041 862 donec
1051 805 1124 862 sani-

60 923 64 926 ·
125 883 369 944 tatem'restituat.
399 879 469 942 iacit
488 889 516 939 et
533 897 651 941 somnos
668 891 753 962 atque
766 885 799 943 'in
820 893 909 944 totum
923 884 1126 947 rubicundiora

106 962 262 1045 'corpora
295 983 433 1024 venerem
446 982 562 1043 quoque
578 965 702 1026 stimulat
722 985 785 1026 cum
804 969 956 1030 coriandro
975 969 1057 1032 viridi
1072 974 1121 1030 tri·
1133 979 1167 1034 st

125 1059 355 1129 tumpotumque
371 1067 388 1108 e
403 1067 494 1108 mero.
529 1050 598 1108 vitia
619 1052 680 1109 eius
695 1061 762 1111 sunt
777 1051 855 1134 quod
876 1053 979 1121 oculos
995 1054 1126 1132 hebetat,

90 1135 285 1210 10inllatipnes
300 1133 387 1210 facit,
408 1131 587 1193 stomachum
606 1134 695 1205 laedit
709 1138 863 1214 copiosius
875 1146 1033 1216 sumptum,
1050 1141 1126 1198 sitim

123 1221 223 1297 gignit.
253 1226 354 1282 cetero
373 1227 473 1277 contra
488 1219 618 1296 pituitam
636 1226 665 1277 et
679 1219 794 1296 gallinis
810 1229 839 1279 et
851 1219 1022 1296 gallinaceis
1040 1222 1125 1302 prod·
1167 1282 1169 1288 ,

123 1313 169 1364 est
194 1304 311 1363 mixtum
337 1301 416 1362 farre
441 1303 477 1360 *in
500 1299 574 1361 cibo.
612 1304 736 1362 iumenta
761 1305 869 1364 urinam
894 1303 1018 1365 reddere
1040 1307 1126 1386 atque

123 1405 180 1447 non
195 1387 325 1465 torqueri
336 1385 473 1460 «tradunt,
491 1388 515 1444 si
530 1389 597 1446 trite
612 1395 711 1446 natura
727 1382 869 1464 tangatur.
897 1429 901 1440 «

108 1536 112 1548 χ
188 1474 217 1531 7.
245 1471 328 1550 (24.)
350 1469 495 1530 Lactucae
518 1478 624 1547 sponte
648 1473 794 1532 nascentis
820 1473 941 1550 primum
965 1490 1056 1550 genus
1079 1469 1168 1540 esttss

90 1567 114 1606 1⁵
124 1557 187 1617 eins
203 1572 286 1632 quam
300 1557 446 1632 caprinam
462 1563 582 1630 vocant,
604 1572 660 1633 qua
675 1557 774 1634 pisces
791 1557 819 1613 in
835 1574 914 1614 mare
930 1556 1044 1618 deiecta
1055 1576 1124 1640 pro·
1202 1624 1204 1632 ,

124 1643 199 1700 tinus
217 1646 356 1697 necantur
369 1639 500 1714 quisunt
515 1638 542 1714 iu
559 1645 709 1714 proxumo.
732 1639 821 1698 huius
832 1639 879 1698 lac
895 1641 1046 1718 spissatum
1057 1639 1125 1703 mox
1201 1687 1208 1692 -

124 1715 154 1785 in
176 1731 260 1783 aceto
276 1718 581 1798 pondereobolnrum'
600 1721 815 1784 duum‘adiectc
836 1740 928 1801 aquae
947 1739 1003 1782 uno
1020 1726 1125 1798 cyatho

125 1807 293 1884 hydropicis
317 1803 407 1863 datur.
445 1805 578 1864 cauletet
597 1804 676 1866 foliis
698 1805 865 1881 contunsis,
888 1805 1029 1885 adsperso
1051 1809 1125 1886 sale,

27 1965 30 1970 ,
125 1888 309 1961 nerri'incisi
327 1895 469 1966 sanantur.
503 1887 604 1948 eadem
620 1893 686 1950 trita
702 1909 740 1951 ex
755 1898 839 1950 aceto
852 1890 966 1954 conluta
981 1894 1124 1953 matutinis
1205 1913 1209 1928 ·

89 1978 170 2038 nohis
185 1992 286 2034 mense
302 1972 427 2032 dentium
442 1972 572 2032 dolorem
585 1973 751 2051 prohibent.

80 2129 82 2134 s
190 2058 276 2139 (25.)
297 2055 427 2115 Alterum
446 2065 491 2115 est
510 2074 602 2132 genus
623 2056 701 2136 quod
717 2057 825 2132 Graeci
841 2075 989 2139 caesapon
1005 2069 1119 2120 vocant.
1132 2071 1167 2124 59

36 2141 41 2150 '
126 2147 208 2204 huius
231 2140 302 2202 folia
325 2140 440 2199 tritaet
464 2157 527 2198 eum
547 2139 664 2218 polenta
689 2140 768 2201 inlita
794 2142 941 2203 ulceribus
965 2143 1122 2204 medentur.

126 2230 200 2290 haec
214 2229 242 2286 iu
257 2226 334 2286 arvis
348 2223 511 2283 nascuntur.
535 2225 649 2285 tertium
664 2242 755 2302 genus
771 2225 800 2283 in
814 2225 895 2284 silvis
907 2243 1030 2286 nascens
1042 2229 1125 2288 isatin

126 2321 241 2390 vocant.
277 2310 360 2369 huius
385 2306 456 2367 lolia
480 2309 545 2370 trita
574 2326 637 2368 cum
659 2309 776 2388 polenta
801 2309 969 2369 volneribus
994 2305 1123 2388 prosunt.

90 2417 117 2458 as
129 2406 230 2474 quarto
252 2393 412 2453 infectores
434 2391 568 2455 lanarum
583 2402 706 2453 utuntur.
736 2393 836 2454 similis
858 2402 921 2454 erat
940 2393 1056 2472 lapatho
1078 2393 1124 2452 sil·

129 2482 217 2538 vestri
233 2479 329 2553 loliis,
345 2477 399 2536 nisi
415 2475 497 2554 plura
515 2475 638 2537 haberet
653 2485 681 2537 ct
696 2478 832 2554 nigriora.
858 2479 1027 2554 'sanguinem
1042 2478 1125 2553 sistit,
1164 2532 1169 2542 ,
1267 2475 1268 2480 ’

90 2637 95 2644 .
129 2562 334 2642 phagedaenas
349 2569 379 2620 et
395 2561 591 2638 putrescentia
605 2562 706 2622 ulcera
720 2579 794 2640 quae
812 2571 932 2640 serpunt
947 2555 1041 2638 sanat,
1057 2562 1126 2620 item

128 2655 257 2707 tumores
271 2654 335 2704 ante
351 2645 594 2722 suppurationem.
618 2654 718 2705 contra
734 2647 830 2722 ignem
844 2651 957 2706 sacrum
968 2644 1066 2706 radice
1076 2644 1125 2705 vel
1214 2676 1216 2680 ·

129 2729 209 2791 loliis
228 2728 348 2807 prodest
365 2729 413 2788 vel
429 2727 466 2787 ad
481 2726 574 2786 lienes
588 2737 665 2805 pota.
695 2727 769 2788 haec
783 2731 902 2807 propria
919 2729 1048 2806 singulis.

7 2831 8 2834 ¹
54 2851 57 2856 -
93 2831 121 2872 eo
194 2813 278 2892 (26.)
304 2810 469 2872 Communia
481 2819 575 2870 autem
588 2819 692 2890 sponte
704 2811 887 2872 nascentibus
900 2813 1018 2888 candor,
1034 2811 1123 2872 caulis
1134 2822 1169 2877 60

131 2897 273 2960 interdum
290 2895 406 2955 cubitali
421 2894 609 2972 longitudine,
625 2904 654 2955 et
668 2895 769 2970 thyrso
786 2904 815 2955 et
828 2895 907 2956 foliis
921 2895 1065 2974 scabritia.
1090 2913 1127 2955 ex

132 2981 177 3040 his
198 2979 319 3040 rotunda
339 2977 410 3038 lolia
433 2987 462 3038 et
481 2978 580 3038 brevia
600 2978 752 3038 habentem
770 2990 834 3040 sunt
849 2983 896 3059 qui
910 2979 1058 3040 hieracion
1075 2994 1126 3037 vo·

134 3073 216 3143 cent,
247 3063 380 3142 quoniam
406 3064 561 3141 accipitres
592 3061 750 3141 scalpendo
776 3081 838 3124 eam
865 3078 995 3141 sucoque
1024 3060 1127 3122 oculos

132 3148 288 3224 tinguendo
318 3146 538 3222 obscuritatem,
572 3164 634 3206 cum
666 3165 803 3224 sensere,
830 3147 991 3211 discutiant.
1038 3153 1169 3208 sucusdt

96 3251 123 3293 au
134 3231 264 3293 omnibus
280 3231 432 3305 candidus,
454 3230 561 3289 viribus
577 3247 692 3310 quoque
706 3234 846 3309 papaveri
861 3229 978 3306 similis,
1003 3231 1128 3309 carpitur

133 3333 188 3395 per
202 3315 306 3374 messis
321 3314 413 3372 incise
429 3312 529 3389 caule,
545 3315 675 3374 conditur
690 3313 769 3374 fictili
782 3332 875 3392 novo,
891 3315 927 3376 ad
942 3315 1029 3375 multa
1042 3332 1125 3393 prae-

136 3401 240 3470 clarus.
285 3405 366 3456 sanat
394 3397 488 3456 omnia
513 3399 661 3458 oculorum
688 3399 757 3458 vitia
775 3416 844 3469 ‚cum
869 3399 945 3459 lacte
968 3399 1126 3473 mulierum,

136 3501 261 3559 argema,
277 3479 436 3557 nubiculae,
451 3482 602 3542 cicatrices
614 3482 837 3563 adustionesque
854 3484 954 3560 omnis,
970 3482 1127 3560 praecipue
