2552 3866
367 186 448 235 nar.
461 187 552 236 msa.
565 187 624 234 xx.
639 183 665 236 3.
679 184 704 236 4.
720 176 856 254 (7—13.)
996 148 1098 260 x191
1163 190 1168 200 ’

107 343 216 421 magnis
232 339 363 401 laudibus
377 341 457 417 tulit,
480 341 565 401 etiam
580 358 716 400 veneram
731 341 869 401 stimulari
884 341 920 402 ab
935 342 969 402 iis
988 345 1101 422 proles·

107 445 172 502 sus,
194 427 262 485 item
283 423 455 500 Dionysius,
477 425 627 501 magisque
647 426 672 483 si
693 442 781 485 eruca
804 425 1003 504 condirentur,
1026 436 1102 488 tosta

107 527 223 592 quoque
239 505 425 568 articulorum
439 507 534 568 dolori
555 526 617 567 curn
632 507 718 586 adipe
735 507 888 586 prodesse.

167 592 251 670 (10.)
273 591 416 651 Silvestre
429 609 529 671 rapum
544 593 572 650 in
588 593 664 651 arvis
678 609 809 652 maxume
824 594 968 668 nascitur,
984 592 1100 654 frutico·
1090 605 1144 660 -ιο

81 691 186 752 ssnm,
209 675 318 734 semine
334 675 456 735 candido
464 675 577 754 ,duplo
592 676 701 735 maiore
722 693 807 753 quarn
830 694 969 754 papaver
996 676 1052 740 hoc
1068 681 1103 740 ad

105 759 291 837 levigandam
307 760 426 818 cutem
417 776 445 818 ιι
459 760 539 819 iacis.
550 767 670 836 totoque
688 775 814 837 corpore
829 769 944 819 utuntur
958 761 1046 822 rniata
1061 761 1101 821 ia·

103 845 167 903 rina
189 843 258 921 pari
272 859 406 904 mensura
427 844 504 922 ervi,
524 843 625 904 hordei
647 852 677 902 et
693 844 824 902 tritici-et
838 843 937 923 lupini.
969 844 1053 905 radix
1068 845 1104 904 ad

104 928 200 987 omnia
215 925 331 985 inutilis.

168 1011 282 1090 4..(11
285 1009 300 1086 )
320 1009 467 1088 Naporum
483 1009 553 1070 duas
568 1009 744 1070 differentias
762 1011 834 1070 etin
844 1010 986 1071 medicina
999 1009 1103 1072 Graeci
1111 1022 1144 1075 21
1231 1087 1235 1098 N

67 1087 232 1155 reservant.
266 1094 415 1171 angulosis
432 1093 566 1152 foliorum
587 1093 735 1170 caulibus,
751 1095 824 1154 ilcrc
843 1095 935 1170 aneti,
960 1095 1037 1173 qnod
1052 1095 1103 1154 bu·

101 1180 172 1238 nion
192 1186 314 1254 vocant,
338 1176 557 1256 purgationibus
579 1177 747 1236 feminarum
770 1187 799 1238 et
814 1179 938 1238 vesicae
960 1189 989 1238 et
1003 1179 1102 1239 urinae

101 1261 172 1322 utile
190 1260 361 1336 decoctum,
383 1269 482 1340 potum
497 1279 536 1320 en
550 1278 624 1339 aqua
641 1261 731 1322 mulsa
747 1262 794 1321 rel
811 1263 873 1321 suci
889 1261 1038 1337 drachma,
1056 1281 1102 1324 se·

100 1363 168 1426 men
190 1345 374 1421 dysintericis
395 1353 501 1404 tostum
521 1345 674 1421 tritumque
693 1346 722 1403 in
745 1362 837 1423 aquae
858 1345 970 1406 calidae
992 1307 1102 1422 cydthis

101 1418 246 1508 quattuor
283 1427 337 1490 scd
351 1419 461 1489 urinam
476 1427 600 1502 inhibet,
616 1429 641 1487 si
656 1444 713 1487 non
729 1428 778 1488 lini
793 1428 893 1488 semen
908 1448 963 1492 una
980 1426 1101 1490 bibatur

64 1514 226 1575 scalterum
246 1531 340 1590 genus
359 1512 482 1573 buniada
502 1511 650 1591 appellant
673 1521 702 1571 et
721 1511 850 1611 raphano
868 1522 898 1573 et
912 1530 984 1591 rapo
997 1514 1101 1589 simile,

99 1597 220 1656 seminis
241 1597 385 1674 praeclari
409 1603 510 1654 contra
530 1613 652 1654 venena.
680 1595 718 1655 ob
741 1596 768 1655 id
785 1606 814 1656 et
830 1598 859 1655 in
873 1598 1006 1658 antidotis
1022 1605 1101 1656 ntun-

99 1690 150 1741 tur
166 1677 226 1737 illo

166 1761 250 1841 (12)
274 1759 442 1838 Raphannm
458 1769 486 1820 et
500 1761 664 1822 silvestrem
679 1779 748 1821 esse
763 1762 894 1821 diximus
924 1763 1020 1822 landa·
1036 1781 1064 1824 n,
1077 1783 1099 1819 sc
1110 1774 1144 1826 ab

99 1845 230 1909 tissimus
243 1847 272 1903 in
282 1843 420 1922 Arcadia,
438 1855 648 1924 quemquamst
662 1846 731 1906 alibi
743 1847 878 1922 nascitur,
894 1846 991 1906 utilior
1003 1847 1101 1906 urinae
1165 1843 1168 1848 ’

63 1949 90 1991 ao
101 1933 252 1992 dumtaxat
268 1928 406 2005 ciendae,
422 1937 523 1988 cetero
540 1939 703 1990 aestuosus.
729 1928 854 1990 initalia
869 1939 899 1990 et
914 1930 1101 1990 armoraciam

99 2020 220 2075 vocant.

166 2095 248 2176 (13.)
269 2093 307 2156 Et
321 2096 403 2155 sativi
420 2113 492 2155 vero
509 2104 625 2174 praeter
641 2114 676 2158 ca
692 2114 766 2174 quae
787 2098 863 2158 circa
879 2113 931 2157 eos
947 2097 1022 2158 dicta
1035 2117 1063 2160 ιι,
1074 2119 1098 2154 cc
1109 2109 1143 2164 aa

99 2190 171 2243 sunt
181 2178 360 2241 stomachum
368 2188 501 2258 purgant,
515 2180 642 2259 pituitam
655 2189 819 2256 extenuant,
827 2183 934 2240 urinam
947 2182 1099 2259 concitant,
1165 2221 1167 2228 ·

99 2265 193 2327 bilem
215 2263 377 2325 detrahunt.
416 2272 569 2342 praeterea
592 2265 718 2324 cortices
740 2265 769 2324 in
790 2265 857 2323 vino
881 2263 996 2323 decocti
1018 2281 1100 2324 mane

63 2367 90 2409 ιι
101 2347 168 2428 poti
185 2349 221 2409 ad
236 2357 335 2408 ternos
351 2347 470 2422 cyathos
486 2349 667 2408 conminuunt
684 2357 713 2408 et
728 2349 833 2409 eiciunt
850 2346 988 2408 calculos.
1016 2346 1101 2406 iidem

100 2437 133 2493 in
154 2449 246 2509 posca
263 2433 379 2492 decocti
404 2440 504 2491 contra
529 2433 705 2510 serpentium
726 2450 837 2493 morsus
865 2431 1026 2490 inlinuntur.
1066 2431 1143 2495 adai

74 2553 78 2566 ·
101 2515 206 2577 tussim
229 2517 314 2576 etiam
332 2533 415 2576 mane
435 2516 536 2575 ieiunis
556 2517 701 2594 raphanus
718 2517 838 2595 prodest
856 2534 920 2576 cum
935 2515 1038 2591 melle,
1055 2533 1099 2574 sc·

101 2616 173 2660 men
195 2614 294 2659 eorum
319 2608 423 2659 tostum
443 2601 594 2678 ipsumque
617 2599 886 2676 conmanducatam,
908 2599 1034 2676 adligato
1055 2617 1099 2660 ra·

102 2682 203 2763 phano
232 2700 334 2761 aquarn
353 2683 431 2743 loliis
454 2684 515 2742 eius
536 2683 667 2743 decoctis
687 2683 789 2743 bibere
811 2684 859 2744 iel
884 2702 983 2744 sucum
1010 2685 1100 2762 ipsius

64 2765 220 2842 socyathis
247 2766 321 2825 binis
348 2775 447 2826 contra
469 2765 652 2844 phthiriasis,
678 2766 845 2845 phlegmoni
873 2768 954 2844 ipsos
979 2767 1127 2826 inlinere·

103 2859 226 2925 tunsos,
248 2849 334 2909 livori
349 2867 419 2910 vero
434 2850 545 2909 recenti
564 2851 702 2910 corticem
725 2867 787 2909 curn
810 2848 915 2928 melle,
940 2850 1101 2908 veternosis

102 2941 204 2994 autem
221 2951 304 3010 quam
319 2935 473 2995 acerrimos
486 2932 633 3009 mandere,
648 2950 805 3010 semenque
820 2941 937 3012 tostum,
953 2931 1019 2990 dein
1033 2949 1100 2991 con·

103 3017 205 3078 tritum
226 3035 289 3094 cuyn
309 3016 395 3076 melle
418 3017 593 3097 suspiriosis.
625 3017 711 3077 iidem
733 3025 762 3076 et
784 3026 883 3078 contra
903 3031 1014 3075 venena
1033 3026 1142 3093 pro-25

105 3108 192 3175 sunt,
208 3102 347 3177 cerastis,
364 3101 565 3179 scorpionibus
577 3101 778 3177 adversantur,
790 3134 830 3148 -
846 3099 895 3160 vcl
910 3100 974 3178 ipso
988 3099 1037 3159 rel
1054 3117 1100 3160 se-

65 3185 186 3249 scmine
206 3185 320 3244 iniectis
335 3184 462 3244 manibus
480 3185 583 3265 inpune
601 3185 752 3261 tractabis,
773 3187 958 3264 inpositoque
971 3183 1099 3262 raphano

104 3269 285 3346 scorpiones
304 3269 461 3343 moriuntur
478 3301 536 3345 -π,
560 3269 700 3330 salutares
724 3279 752 3330 et
774 3279 873 3330 contra
888 3269 1038 3345 longorum
1054 3278 1101 3328 ant

104 3352 280 3428 hyoscyami
298 3366 408 3412 venena
429 3361 530 3430 atque,
552 3361 583 3412 ut
596 3351 740 3413 Nicander
754 3355 855 3429 tradit,
877 3361 906 3412 et
921 3362 1020 3413 contra
1035 3371 1099 3413 san·

105 3437 227 3514 guinem
240 3436 322 3496 tauri.
354 3445 383 3495 et
402 3445 500 3498 contra
521 3438 629 3497 viscum
645 3453 760 3517 quoqne
778 3437 839 3498 dari
854 3435 1028 3515 Apollodori
1043 3437 1099 3497 dno
