2538 3864
297 213 378 259 nur.
393 211 484 259 rursu.
501 169 700 262 uasta-17.
718 200 869 278 (oe-tt.)
910 237 911 240 =
1023 197 1085 264 217

91 369 149 429 esui
165 369 235 430 dare
250 369 420 442 decoctum,
440 382 477 425 eo
493 373 563 443 potu
579 367 689 425 urinam
702 367 796 442 ciere,
812 365 918 442 ruptis,
937 368 1085 428 convolsis

87 453 195 513 mederi
222 469 286 510 cum
312 451 430 528 panacis
454 450 570 524 radice,
593 449 762 527 hydropicis
785 465 848 508 cum
872 448 928 508 fico
944 459 1001 510 aut
1023 467 1087 511 cum

86 537 198 614 hysopo
227 533 371 595 acetabuli
395 535 537 592 mensuris
565 532 718 592 decoctum
741 532 777 592 ad
800 541 928 608 sextam,
957 534 1025 593 item
1051 536 1086 595 ad

87 619 228 694 scabiem,
258 618 459 697 pruriginem,
485 633 589 695 psoras
618 618 647 678 iu
675 613 868 676 descensione
899 613 1086 680 balinearum.

63 719 170 765 esucus
191 701 307 762 auribus
329 701 485 764 infunditur
506 717 569 760 cum
587 701 674 761 lacte.
704 700 830 760 tonsillis
845 716 961 778 quoque
981 711 1010 770 et
1025 705 1087 762 uvis

84 787 230 863 medetur,
255 786 357 866 capitis
376 785 533 845 ulceribus.
569 801 682 844 venena
698 786 747 863 opi
763 793 792 844 ct
806 785 893 863 gypsi
911 787 1068 862 exstinguit
1079 795 1129 852 rto

84 871 253 946 decoctum,
277 872 301 930 si
325 887 389 934 cum
412 870 510 928 cinere
525 869 554 927 in
568 871 635 928 vino
649 868 771 929 bibatur.
804 869 899 928 alvom
913 868 1005 944 mollit
1020 887 1086 930 ace·

85 954 180 1021 tubuli
197 967 348 1028 mensura,
376 953 541 1030 suggillatis
566 953 707 1027 inlinitur,
735 954 804 1012 item
830 952 955 1012 dentium
981 953 1085 1030 dolori,

85 1037 187 1116 quibus
208 1047 237 1098 et
260 1037 417 1098 candorem
438 1037 524 1112 facit,
555 1053 619 1096 cum
637 1035 727 1096 melle
750 1045 779 1096 et
799 1035 883 1096 nitro.
919 1039 1088 1114 sanguinem

47 1147 72 1188 10
83 1123 190 1181 uarium
205 1123 289 1182 sistit.
323 1121 360 1180 ad
375 1119 521 1199 parotidas
537 1120 709 1199 decoquitur
724 1137 788 1180 cum
804 1118 970 1180 hordeacea
983 1123 1087 1197 farina,
1132 1193 1137 1204 ,

82 1206 116 1266 ad
139 1207 264 1266 arterias
287 1221 409 1284 asperas
433 1219 496 1266 cum
515 1204 597 1281 galla
618 1213 648 1264 et
668 1204 756 1264 melle
777 1206 893 1280 teritur,
921 1204 956 1264 ad
982 1205 1087 1265 lieuem

81 1289 150 1350 folia
174 1305 238 1349 cum
259 1288 348 1348 melle
372 1297 402 1348 et
424 1287 496 1348 sale.
531 1288 694 1348 crassiores
714 1289 830 1366 pituitas
852 1297 881 1348 et
898 1289 998 1364 nigras
1016 1307 1066 1350 ex·
1078 1300 1132 1354 180

81 1382 180 1434 tenuat
201 1383 315 1433 coctum
333 1389 396 1433 cum
419 1381 504 1432 aceto
526 1380 556 1431 ct
578 1371 641 1431 sale
656 1381 804 1450 ‘sumptum
822 1371 967 1450 paulatim.
1002 1375 1085 1450 regio

80 1457 182 1517 morbo
199 1459 296 1516 tritum
313 1474 376 1517 cum
393 1456 461 1515 cleo
476 1457 504 1515 in
518 1456 595 1514 naris
612 1454 776 1515 infunditur.
805 1451 875 1516 lassi
890 1466 1088 1535 perunguntur

46 1566 71 1604 ιι
82 1557 119 1600 ex
134 1558 171 1600 eo
186 1542 225 1600 ita
240 1551 270 1600 ut
284 1557 325 1599 ne
336 1548 439 1600 venter
451 1541 614 1615 attingatur.
636 1539 815 1618 epinyctidas
832 1557 895 1598 cnm
911 1541 1085 1618 picaenum,

80 1623 252 1684 furunculos
273 1625 366 1701 aperit
387 1639 451 1682 cum
466 1622 523 1680 lico
539 1629 633 1698 tosta,
653 1632 775 1682 strumas
790 1641 854 1682 cum
869 1623 937 1682 oleo
956 1633 986 1683 et
1001 1634 1086 1684 aceto

82 1717 111 1768 et
126 1707 218 1767 iarlua
233 1706 418 1781 hordeacea,
437 1705 669 1784 laterisdolores
683 1723 746 1764 cum
762 1706 818 1764 lico
831 1706 957 1781 inlitum·7
974 1707 1086 1767 fluctio-
1190 1728 1192 1733 ’

80 1809 134 1852 nes
155 1790 303 1867 sanguinis
323 1789 351 1848 in
372 1787 546 1866 genitalibus
569 1797 682 1849 tunsum
700 1807 738 1848 ex
760 1798 844 1849 aceto
867 1786 992 1866 inlitum,
1015 1791 1086 1850 reli-

9 1927 12 1948 ,
81 1876 162 1955 quius
181 1873 383 1952 purgationum
398 1890 414 1933 a
430 1881 524 1950 partu.

42 1978 70 2026 to
145 1957 229 2037 (70.)
252 1957 402 2035 lepidium
416 1956 491 2016 inter
505 1959 617 2021 urentia
632 1957 818 2034 intellegitur.
843 1959 887 2027 sic
902 1965 931 2016 et
945 1959 973 2016 in
988 1957 1127 2024 facienes

80 2051 177 2104 cutem
192 2041 325 2102 emendat
341 2040 556 2116 exulcerando,
572 2048 602 2099 ut
616 2049 711 2100 tamea
730 2057 797 2100 cera
814 2049 843 2100 et
856 2057 981 2101 rosaceo
997 2041 1085 2103 facile
1102 2045 1105 2052 '

79 2135 209 2187 sanetur.
245 2127 290 2184 sic
306 2133 334 2184 et
349 2124 448 2201 lepras
467 2133 496 2184 et
512 2141 617 2202 psoras
631 2125 708 2184 tollit
724 2141 840 2203 semper
857 2125 944 2184 facile
965 2129 1084 2187 etcica·

78 2213 183 2270 tricnm
194 2209 304 2269 ulcera.
326 2208 440 2281 tradunt
452 2209 481 2267 in
493 2208 596 2270 dolore
608 2207 732 2268 dentium
748 2207 932 2284 adalligatum
947 2207 1084 2270 bracbbio

79 2311 136 2374 qua
150 2293 251 2354 doleat
267 2301 441 2353 convertere
456 2290 597 2353 dolorem.

23 2355 68 2444 ⁰25
148 2377 233 2457 (71.)
257 2376 304 2437 (lit
320 2395 358 2437 ex
374 2374 556 2437 dmectsalti
576 2373 767 2451 melanthion,
786 2375 834 2434 alii
851 2375 1064 2454 melaspermon
1076 2387 1128 2442 182

77 2471 196 2520 vocant.
226 2470 373 2539 optumum
388 2477 472 2540 qaam
487 2459 686 2538 excitatissimi
701 2460 801 2519 odoris
817 2467 846 2519 et
865 2476 948 2538 quam
963 2462 1084 2538 nigerri-

78 2561 166 2604 mum.
202 2545 334 2634 medetur
358 2545 535 2622 serpentium
555 2544 651 2623 plagis
673 2551 702 2602 et
723 2546 918 2621 scorpionum.
953 2547 1031 2606 inlini
1048 2563 1085 2604 ex
1127 2564 1134 2577 ι

79 2636 167 2690 aceto
190 2644 226 2686 ac
248 2628 335 2688 mella
357 2629 475 2706 reperio
490 2629 671 2705 incensoque
687 2629 832 2705 serpentis
847 2628 951 2705 fugari.
980 2629 1086 2690 bibitur

79 2711 219 2774 drachma
251 2721 307 2771 uua
339 2719 368 2771 et
401 2719 500 2770 contra
533 2727 666 2770 araneos.
711 2710 933 2771 destillationem
955 2715 1065 2773 uarium
1077 2722 1128 2777 183

40 2823 69 2864 30
81 2795 200 2856 discutit
215 2803 328 2854 tunsum
345 2797 375 2854 iu
388 2793 510 2854 linteolo
529 2794 700 2870 olefactum,
724 2795 826 2872 capitis
842 2793 961 2855 dolores
976 2797 1085 2856 inlitum

80 2897 120 2939 ex
139 2887 225 2939 aceto
242 2887 271 2938 et
286 2877 410 2938 infusum
424 2877 560 2952 naribus,
585 2895 648 2937 cum
668 2879 741 2938 irino
760 2877 909 2937 oculorum
926 2880 1084 2957 epiphoras

80 2971 271 3040 enumeres,
292 2960 417 3021 dendum
436 2961 556 3042 dolores
575 2971 689 3021 coctum
706 2979 769 3022 cum
785 2971 889 3039 aceto,
907 2963 1008 3022 ulcera
1025 2964 1084 3022 oris

80 3047 180 3105 tritum
194 3055 242 3106 aut
254 3044 525 3123 conmanducatam,
540 3047 609 3105 item
622 3045 719 3124 lepras
733 3054 761 3106 et
773 3043 927 3123 lentigines
940 3064 978 3105 ex
987 3055 1083 3122 aceto,

80 3129 269 3190 difficultates
288 3127 415 3210 spirandi
432 3129 529 3190 addito
545 3129 618 3189 nitro
634 3139 748 3208 potum,
764 3129 881 3190 duritias
897 3139 1084 3210 tumoresque

36 3221 200 3278 asteteres
219 3222 249 3272 et
269 3212 490 3292 suppurationes
504 3196 623 3272 inlitum.
651 3214 726 3273 lacte
747 3213 895 3273 mulierum
911 3223 998 3292 auget
1015 3231 1083 3274 cou·
1103 3283 1106 3292 y
1188 3287 1194 3294 .

80 3298 169 3356 tirmis
181 3295 283 3358 diebus
301 3289 451 3375 sumptum.
478 3297 625 3375 colligitur
646 3315 732 3356 sucas
753 3299 815 3357 eius
830 3306 863 3358 at
884 3298 1062 3374 hyoscyami,
1075 3307 1127 3362 184

82 3381 273 3459 similiterque
291 3381 401 3457 largior
414 3395 557 3440 venenum
575 3389 633 3457 est,
650 3381 727 3459 quod
739 3383 888 3457 miremur,
908 3399 970 3442 cum
985 3399 1084 3442 semen

81 3467 248 3546 gratissime
264 3465 347 3544 panis
359 3465 445 3524 etiam
457 3459 582 3525 condiat.
603 3465 706 3525 oculus
718 3481 834 3544 qnoque
847 3475 961 3544 purgat,
977 3468 1085 3526 urinam
1182 3523 1183 3528 ,
1203 3521 1210 3543 l
