2512 3858
280 215 873 302 nau.n1su.xvr.1o-·11.(rc-al.)
1044 221 1078 280 11

83 375 270 452 siccioraque
285 372 357 435 lolia
370 383 400 434 et
415 376 545 437 tenuiora
562 395 598 437 ac
612 379 703 456 magis
718 379 860 459 algentia,
878 393 996 465 totaque
1012 386 1079 450 bor·

48 511 56 524 ,
82 459 175 519 ridior
188 464 218 517 et
233 457 467 536 perfusarcsina,
483 459 588 537 lignum
605 461 693 522 abieti
708 464 838 524 similius.
863 466 936 528 larix
949 471 1020 532 ustis
1034 489 1079 532 ra·

4 597 6 616 ‚
83 541 198 605 dicibns
212 556 270 601 non
286 541 460 619 repullulat,
474 543 569 621 picea
581 545 765 624 repullulat,
781 557 812 608 ut
826 549 855 608 in
866 548 960 611 Lesbo
975 547 1083 616 accidit

4 619 6 680 l
82 628 204 687 incenso
227 641 346 684 nemore
360 624 515 700 Pyrrhaeo.
545 629 601 688 alia
616 631 767 692 etiamnum
781 634 939 710 generibus
958 636 1027 714 ipris
1048 640 1077 698 in
1086 649 1121 705 47

59 727 157 770 rsexu
170 708 342 769 differentia.
363 725 425 770 mas
435 709 553 772 brevior
566 721 596 774 et
608 712 716 790 durior,
728 714 833 778 femina
844 719 1007 796 procerior,
1018 723 1079 799 pin·

4 867 5 870 ¹
82 791 235 872 gnioribus
251 792 330 852 loliis
350 801 380 852 et
393 793 572 872 simplicibus
587 805 676 876 atque
692 809 750 858 non
771 799 942 877 rigentibus.
972 803 1080 881 lignum

4 887 6 1018 q
81 876 210 938 maribus
225 877 324 945 durum
336 886 365 936 et
376 877 405 936 in
416 876 512 938 fabrili
523 896 616 958 opere
629 888 800 958 contortum,
815 882 939 946 feminae
953 887 1079 964 mollius,

4 1019 5 1032 ,
81 959 203 1040 publico
224 951 388 1020 discrimine
412 961 441 1020 in
464 962 625 1024 securibus.
657 964 712 1024 luae
726 966 754 1024 iu
771 983 952 1046 quocumque
967 988 1079 1048 genere

82 1043 305 1129 deprehendunt
317 1061 441 1120 marem,
458 1046 566 1124 quippe
580 1057 752 1126 respuuntur
770 1060 798 1111 et
813 1051 959 1130 fragosius
973 1053 1078 1130 sidunt,

50 1145 73 1186 ro
81 1128 201 1206 aegrius
212 1127 399 1188 revelluntur.
421 1129 486 1206 ipsa
497 1131 633 1191 materies
641 1133 782 1194 retorrida
794 1143 823 1195 ct
834 1137 945 1213 nigrior
953 1129 1078 1198 maribus

80 1212 173 1273 radix.
210 1209 296 1272 Circa
315 1209 394 1272 ldanr
415 1212 443 1271 in
457 1211 571 1274 'lroadc
592 1223 622 1274 ct
644 1214 701 1276 aliu
719 1217 901 1296 differentia,
923 1229 1121 1287 montanaelss

79 1296 307 1374 maritimaeque.
335 1313 400 1356 nam
420 1297 448 1356 in
463 1295 633 1359 blacedonia
653 1306 683 1358 et
699 1299 825 1364 Arcadia
846 1304 983 1384 circaque
1003 1303 1077 1365 lilim

80 1387 245 1459 permutant
256 1379 380 1456 nomina,
396 1390 577 1444 necconstat
588 1384 755 1446 auctoribus
770 1387 846 1464 quod
858 1389 964 1468 cuique
974 1389 1078 1466 generi

4 1517 5 1532 ,
80 1463 245 1525 attribuant.
275 1479 331 1524 nos
356 1464 412 1524 ista
437 1463 567 1526 Romano
594 1466 782 1530 discernimus
806 1471 922 1532 iudicio.
953 1471 1077 1542 Abiere

49 1560 71 1600 1⁵
81 1548 193 1609 cunctis
206 1548 380 1626 amplissima
394 1555 440 1608 est
455 1557 484 1612 et
495 1549 601 1621 lemine
612 1552 696 1612 etiarn
706 1553 858 1632 prolixior,
873 1557 993 1617 materie
1005 1557 1076 1618 urol-

79 1632 135 1692 lior
147 1631 316 1711 utiliorque,
334 1631 423 1706 arbor
435 1634 595 1710 rotundior,
609 1634 683 1695 lolio
698 1637 814 1714 pinnato
827 1638 916 1698 densa
934 1648 964 1698 ut
978 1640 1077 1700 imbris

78 1733 136 1776 rou
151 1717 339 1793 mausmittat,
361 1724 449 1794 atapre
470 1717 589 1779 hilarior
608 1719 638 1778 in
651 1727 750 1780 totum.
793 1718 920 1780 biremis
934 1739 1072 1798 generum
1084 1732 1118 1788 49

76 1800 180 1860 borum
197 1800 392 1878 panicularum
404 1798 491 1861 modo
506 1810 675 1864 nucamenta
690 1803 857 1881 squamatim
870 1813 1011 1883 conpacta
1026 1805 1075 1865 de-

4 1925 5 1930 1
78 1883 208 1964 pendent
228 1891 433 1964 praeterquam
451 1885 542 1946 larici.
574 1885 649 1948 baec
668 1886 773 1947 abietis
791 1873 937 1949 maicone
958 1887 1077 1967 primori

46 1985 69 2025 ro
80 1977 165 2047 parte
178 1968 302 2028 nucleos
320 1966 443 2043 babent,
471 1986 529 2028 non
546 1970 615 2030 item
636 1969 771 2031 feminac.
801 1973 906 2050 piceae
916 1971 992 2033 'vero
1008 1971 1076 2032 totis

77 2052 233 2131 paniculis,
242 2050 667 2132 minoribusgracilioribnsque
680 2055 830 2130 minumos,
843 2073 877 2116 ao
888 2057 998 2133 nigros,
1007 2072 1075 2135 pro·
1121 2091 1124 2099 ι

77 2145 144 2214 pter
159 2134 353 2215 quodllracci
369 2133 599 2214 plrtbiropboron
613 2154 675 2196 eam
691 2137 847 2215 appellant.
870 2139 1008 2200 ineadcm
1024 2159 1074 2200 mr·

78 2229 212 2280 ramenta
224 2219 351 2280 maribus
364 2218 570 2296 compressiora
586 2229 651 2279 sunt
665 2238 700 2280 ac
715 2221 806 2280 minus
822 2222 918 2280 resina
933 2223 1060 2283 roscida:

141 2303 228 2384 (20.)
245 2303 351 2364 Similis
364 2301 410 2364 bis
423 2303 574 2364 etiamnum
587 2303 728 2382 adspectu
742 2311 798 2379 est,
809 2321 847 2364 ne
858 2304 925 2382 qnid
940 2311 1069 2382 praeter·
1082 2315 1117 2367 50

47 2402 69 2442 ²⁵
79 2397 173 2465 catur,
186 2397 272 2450 taxus
283 2388 406 2448 minume
416 2388 513 2448 virens
529 2388 704 2468 gracilisque
717 2395 748 2450 et
760 2387 850 2449 tristis
862 2404 896 2448 rc
908 2386 980 2462 dira,
993 2386 1073 2446 nullo

4 2545 5 2552 ἵ
77 2489 168 2550 suco,
191 2491 232 2532 cx
247 2471 376 2532 omnibus
397 2470 462 2532 sola
477 2471 565 2532 bacas
583 2472 649 2532 lert.
683 2490 744 2538 mas
757 2474 845 2534 nonio
863 2471 968 2551 fructu,
984 2469 1073 2532 letale

4 2565 6 2624 t
77 2557 188 2635 quippe
197 2554 279 2616 bacis
291 2556 320 2618 in
330 2553 466 2633 llispauia
477 2557 636 2635 praecipue
650 2573 791 2616 venenum
806 2557 890 2617 inest.
905 2573 974 2616 rasa
986 2555 1073 2617 etiarn

4 2643 5 2664 ³
76 2641 202 2700 viatoria
217 2657 254 2699 cx
268 2655 304 2698 ea
318 2639 391 2698 vinis
406 2638 435 2698 in
446 2636 537 2700 Gallia
552 2639 627 2701 lacta
641 2638 788 2700 mortifera
800 2640 890 2701 luisse
902 2649 1072 2718 conpertum

77 2733 132 2784 cst
159 2721 243 2783 lianc
256 2722 372 2782 Sextius
386 2722 518 2782 milacem
532 2740 548 2782 a
563 2720 682 2784 Graecis
695 2723 796 2784 vocari
811 2723 894 2803 dicit,
916 2730 945 2782 et
960 2740 1027 2782 asse
1040 2725 1069 2782 in
1080 2732 1113 2785 51

45 2805 206 2868 mdrcadia
221 2815 279 2866 tam
300 2806 462 2884 praesentis
479 2807 592 2864 veneni*
603 2815 634 2866 ut
651 2805 699 2884 qui
714 2803 891 2866 obdormiant
913 2805 966 2866 sub
982 2823 1018 2866 ea
1033 2807 1072 2864 ci·

4 2943 5 2970 ,
77 2890 185 2950 bomne
208 2881 323 2970 capiant
342 2883 509 2949 moriuntur.
537 2897 601 2947 sunt
616 2889 664 2968 qui
685 2895 715 2948 et
730 2889 824 2949 taxica
841 2888 906 2949 hinc
924 2888 1072 2968 appellata

4 2997 5 3000 ¹
77 2974 177 3034 dicant
190 2991 305 3034 venena
319 2989 394 3052 quae
408 2990 483 3035 nunc
498 2971 594 3033 toxica
607 2971 740 3046 dicimus,
762 2973 864 3050 quibus
878 2974 1002 3049 sagittae
1020 2971 1072 3030 tin·
1097 3039 1099 3045 y

76 3067 212 3135 guarttur.
241 3066 389 3136 repertum
409 3057 554 3117 innoxiam
573 3053 652 3131 lieri,
678 3055 702 3115 si
722 3055 751 3114 in
769 3055 832 3134 ipsa
850 3055 956 3116 arbore
971 3053 1072 3114 clavos

76 3159 185 3202 aereus
199 3140 341 3218 adigatur.

45 3245 68 3286 rr
121 3221 173 3286 11.
208 3225 292 3303 (21.)
324 3223 376 3284 Pir
393 3222 500 3301 liquida
519 3220 674 3300 induropa
690 3240 706 3282 e
721 3220 805 3282 taeda
822 3222 963 3302 coquitur,
982 3231 1114 3287 nava-ta

77 3309 155 3370 libus
170 3307 338 3388 muniendis=
346 3307 510 3384 multosque
530 3306 603 3367 alios
618 3305 653 3366 ad
668 3323 746 3367 usus.
775 3306 881 3383 lignum
896 3304 958 3366 cios
974 3307 1070 3366 conci·

78 3409 141 3452 snm
156 3390 248 3452 furnis
265 3390 389 3468 undique
404 3391 462 3468 igni
477 3397 558 3452 extra
575 3389 747 3452 circumdato
762 3390 866 3450 ferret.
897 3389 1002 3468 primns
1024 3405 1071 3448 su·

78 3478 136 3538 dor
147 3492 242 3557 aquae
255 3473 342 3535 modo
361 3473 421 3535 lluit
436 3473 538 3536 canali.
570 3473 627 3536 lroc
648 3475 775 3549 insyria
799 3472 926 3534 cedrium
939 3481 1070 3548 vocatur,
