2538 3864
283 229 473 296 namanes.
489 229 562 278 xxa.
578 227 698 281 nit-34.
716 216 902 294 (lot-109.)
1026 217 1087 282 265

95 401 130 445 eo
143 383 220 464 quod
233 384 368 463 cuspides
379 385 407 444 in
418 383 539 464 proeliis
550 383 749 460 tinguerentur
759 383 811 444 illo
823 382 931 461 pa'ssim
940 395 1088 446 nascente.

94 471 140 546 qui
169 468 299 548 opertius
331 467 544 528 insectabantur
569 468 702 528 manicon
730 467 932 542 nominavere,
966 468 1015 545 qui
1041 486 1091 528 nc·

95 555 186 630 quitor
202 551 386 613 occultabant
401 551 539 628 erythron
554 559 601 611 aut
615 549 741 612 neurada
755 559 820 626 aut,
836 559 867 611 ut
879 550 1025 627 nonnulli,
1036 541 1090 628 'pe-

94 637 204 712 risson,
230 652 267 695 ne
289 635 409 696 cavandi
432 635 547 714 quidem
565 634 813 696 causaouriosius
834 633 994 696 dicendum.
1024 636 1091 714 quin

68 729 123 782 set
154 720 274 780 altorum
303 737 396 796 genus
424 719 502 798 quod
531 716 721 779 halicacabon
745 726 852 778 vocant
880 717 1133 796 soporilerumlitu

94 812 139 864 est
160 813 246 882 atque
271 805 362 864 etiam·
379 805 448 882 opio
468 801 600 874 velocius
622 803 658 863 ad
677 811 814 877 mortem,
836 801 871 862 ab
886 801 950 863 aliis
967 804 1089 878 morion,
1192 799 1196 816 '

93 887 129 947 ab
141 887 204 947 allis
219 887 298 962 mdly
309 886 502 966 appellatum,
519 886 662 948 laudatum
673 904 744 947 vero
759 885 893 949 aDioole
906 895 936 947 et
942 884 1090 962 Euenore,

93 970 244 1032 Timaristo
268 971 382 1050 quidem
403 972 486 1032 etiam
509 971 650 1046 carmine,
685 971 757 1030 mim
783 969 933 1030 oblivione
955 970 1090 1030 innocen·

92 1057 168 1130 tiae,
198 1056 307 1134 quippe
329 1064 570 1134 praesentaneum
592 1054 748 1114 remedium
771 1053 953 1115 addentium
977 1052 1091 1114 mobilis

57 1139 264 1214 rolirmandos,
292 1139 317 1199 si
343 1139 548 1200 conicerentur
573 1136 743 1198 halicacabo
768 1138 797 1196 in
821 1138 899 1196 vino.
940 1139 1091 1216 exceptic-

90 1240 155 1282 nem
176 1222 330 1300 addidere,
352 1241 390 1282 ne
411 1222 516 1282 diutius
531 1220 560 1282 id
580 1220 680 1296 lieret,
702 1220 901 1282 delirationem
919 1220 993 1280 enim
1011 1221 1092 1298 gigni

90 1324 137 1367 eo.
178 1306 400 1366 demonstranda
423 1305 552 1366 remedia
575 1321 696 1382 quorum
719 1304 861 1364 medicina
883 1304 999 1364 maioris
1024 1304 1092 1364 mali
1214 1369 1218 1376 ¹

89 1391 249 1471 periculum
259 1389 379 1450 adierat.
399 1388 616 1451 commendatur
631 1403 703 1464 ergo
719 1389 748 1446 in
760 1386 831 1448 cibis
843 1387 956 1447 tertium
966 1400 1068 1466 mnus.
1082 1397 1132 1451 rer

89 1477 160 1535 licet
175 1482 271 1533 autem
288 1473 472 1553 praeferatur
493 1471 649 1532 hortensiis
665 1471 828 1552 saporibus.
858 1480 888 1530 et
908 1471 1005 1532 nilait
1027 1490 1091 1532 cor·

56 1583 81 1622 1a
92 1558 172 1636 poris
187 1556 328 1616 malorum
343 1557 389 1616 cui
403 1575 461 1616 non
477 1556 609 1615 salutaris
621 1554 763 1630 trychnos
777 1551 961 1614 Xenocrates
977 1557 1091 1633 praedi·

9 1703 10 1706 ,
64 1660 67 1691 ¹
91 1649 149 1716 cet,
165 1653 223 1698 non
235 1647 330 1698 tamen
342 1640 448 1700 auxilia
461 1654 559 1697 eorum
573 1639 643 1700 tanti
660 1646 724 1708 sunt
736 1646 766 1696 ut
780 1637 847 1696 idco
861 1637 975 1698 laesura
986 1655 1039 1698 nos
1056 1638 1091 1697 de

89 1727 126 1786 iis
139 1737 365 1784 commemorare
377 1723 421 1781 les
432 1721 720 1799 putem,praesertim
733 1719 765 1779 io
776 1728 853 1780 tanta
866 1721 950 1798 eopia
961 1721 1091 1782 innoxio·
1126 1783 1128 1798 ,

91 1827 152 1868 rum
166 1805 393 1866 medicaminum.
423 1802 590 1866 llalicacabi
604 1803 732 1864 radicem
747 1800 847 1862 hibunt
862 1803 910 1882 qui
923 1803 1071 1864 vaticinari
1083 1814 1133 1869 182

92 1892 291 1969 collectosque
306 1906 379 1951 ,vere
400 1889 437 1950 ad
458 1886 666 1948 confirmandas
686 1887 907 1965 superstitiones
924 1887 1036 1967 adspici
1058 1906 1091 1948 se

54 1975 201 2036 novolunt.
217 1973 345 2033 remedio
364 1981 425 2051 est,
440 2005 483 2018 -
499 1970 528 2032 id
543 1971 617 2031 enim
629 1969 763 2030 libentius
782 1970 929 2031 retulerim
944 2005 1000 2050 -,
1017 1989 1092 2051 aqua

16 2079 19 2087 ⁴
93 2061 215 2137 copiosa
230 2057 322 2118 mulsa
338 2056 430 2117 calida
446 2064 526 2134 potu.
542 2072 597 2114 nec
613 2053 685 2113 illud
699 2053 882 2132 praeteribo,
898 2055 1028 2134 aspidum
1043 2073 1098 2116 na··

92 2153 174 2203 turae
188 2139 385 2202 halicacabum
398 2140 428 2200 in
444 2147 550 2200 mutum
563 2138 717 2198 adversam
731 2145 762 2197 ut
778 2137 880 2200 radico
895 2139 956 2198 eiua
972 2141 1091 2218 propius

94 2226 208 2286 admota
224 2233 379 2304 soporetur
395 2223 444 2284 illa
464 2239 572 2302 sopore
588 2238 714 2282 enecans
728 2220 773 2280 vis
794 2236 901 2280 earum.
932 2237 1003 2297 ergo
1026 2224 1092 2284 trita

96 2329 134 2372 ex
152 2308 221 2369 oleo
235 2309 384 2387 percussis
400 2307 560 2367 auxiliatur.
743 2331 746 2344 =
995 2325 1009 2362 a

54 2401 84 2441 ²⁵
156 2393 206 2455 32.
229 2392 334 2472 (too.)
358 2389 537 2450 (lorchomm
551 2387 740 2448 Alexandrini
754 2385 811 2448 cibi
832 2386 923 2448 herba
939 2397 984 2448 est
1006 2399 1135 2453 oon-183

93 2478 200 2536 volutis
230 2476 309 2537 loliis
336 2475 373 2536 ad
401 2473 612 2534 similitudinem
639 2472 728 2547 mori,
762 2468 958 2549 praecordiis,
985 2470 1092 2547 lerunt,

93 2560 171 2620 utilis
187 2555 388 2636 alopeciisque
402 2565 432 2618 et
447 2557 586 2634 lentigini.
612 2555 699 2615 boum
714 2571 832 2640 quoque
849 2553 976 2615 scabiem
998 2555 1092 2615 celer·

92 2645 164 2704 rime
186 2641 280 2702 sanari
303 2659 338 2703 ea
359 2643 491 2718 invenio,
513 2640 589 2719 apud
610 2636 782 2700 Nicandrum
797 2637 913 2715 quidem
929 2647 1092 2718 etaerpen·
1178 2683 1181 2696 r

94 2730 163 2787 tium
177 2741 305 2800 morsus,
323 2735 473 2805 antequam
488 2724 582 2784 lloret.
612 2717 616 2728 '

56 2813 84 2854 ³⁰
160 2810 264 2888 (107.)
285 2807 349 2869 Nec
364 2809 400 2869 de
416 2824 508 2868 cneco
524 2807 586 2866 sive
602 2804 773 2880 atractylide
788 2801 939 2864 verbosius
956 2804 1012 2866 dici
1023 2823 1076 2884 par
1085 2815 1136 2870 184

94 2904 191 2970 esset,
207 2893 354 2971 Aegyptia
370 2891 479 2968 herba,
500 2891 528 2950 ni
543 2907 674 2967 magnum
691 2896 791 2948 contra
806 2897 949 2948 venenata
962 2889 1093 2950 animalia

93 2977 250 3057 praeberet
262 2976 412 3051 auxilium,
428 2978 495 3036 item
507 2972 772 3057 adversusiungos.
786 2980 898 3032 constat
909 2989 926 3032 a
938 2974 1094 3050 scorpione
1179 2977 1191 2996 ⁸

94 3078 270 3141 percussos,
287 3058 421 3139 quamdiu
438 3066 556 3119 teneant
570 3073 633 3117 eam
646 3055 782 3131 herbam,
806 3072 864 3115 non
878 3055 985 3116 sentire
1002 3057 1092 3116 oruci-

95 3155 181 3206 alum.

52 3241 83 3282 ³⁵
162 3227 211 3289 33.
234 3227 339 3306 (108.)
360 3225 398 3286 Et
412 3224 574 3304 pesolutam
588 3223 740 3300 Aegyptus
755 3223 785 3282 in
799 3221 890 3282 hortis
905 3222 993 3298 serit,
1009 3235 1093 3280 coro-

94 3331 192 3374 narum
208 3311 310 3390 gratia.
342 3310 399 3370 dno
410 3325 520 3386 genera
533 3309 612 3368 eius:
627 3306 732 3366 lomina
746 3324 781 3367 aa
794 3321 870 3382 mas,
890 3315 1012 3384 utraque
1026 3303 1093 3364 suh·

95 3398 153 3458 dita
167 3410 305 3456 venerem
319 3392 459 3468 inhiberi,
473 3391 600 3452 virorum
614 3407 762 3465 maxume,
779 3388 902 3450 tradunt.

157 3479 206 3541 34.
230 3478 334 3557 (109.)
359 3476 397 3537 lit
412 3475 545 3553 moniam
560 3474 742 3534 in'mensuris
758 3489 874 3551 quoque
890 3488 925 3534 ac
939 3473 1136 3553 ponderi-185
