<?xml version="1.0" encoding="UTF-8"?>
<!DOCTYPE html PUBLIC "-//W3C//DTD XHTML 1.0 Transitional//EN"
    "http://www.w3.org/TR/xhtml1/DTD/xhtml1-transitional.dtd">
<html xmlns="http://www.w3.org/1999/xhtml" xml:lang="en" lang="en">
 <head>
  <title>
</title>
<meta http-equiv="Content-Type" content="text/html;charset=utf-8" />
  <meta name='ocr-system' content='tesseract 3.04.00' />
  <meta name='ocr-capabilities' content='ocr_page ocr_carea ocr_par ocr_line ocrx_word'/>
</head>
<body>
  <div class='ocr_page' id='page_1' title='image "./cplinisecundina23plingoog_0266.png"; bbox 0 0 2552 3866; ppageno 0'>
   <div class='ocr_carea' id='block_1_1' title="bbox 249 199 1089 288">
    <p class='ocr_par' dir='ltr' id='par_1_1' title="bbox 249 199 1089 288">
     <span class='ocr_line' id='line_1_1' title="bbox 249 199 1089 288; baseline 0.01 -21"><span class='ocrx_word' id='word_1_1' title='bbox 249 211 280 236; x_wconf 64' lang='lat'><strong>²</strong></span> <span class='ocrx_word' id='word_1_2' title='bbox 347 206 830 288; x_wconf 78' lang='lat' dir='ltr'><strong>unu.rr1sr.xx.re.(48—er.)</strong></span> <span class='ocrx_word' id='word_1_3' title='bbox 903 199 905 208; x_wconf 58' lang='lat'>‘</span> <span class='ocrx_word' id='word_1_4' title='bbox 1027 211 1089 276; x_wconf 75' lang='grc'><strong>209</strong></span> 
     </span>
    </p>
   </div>
   <div class='ocr_carea' id='block_1_2' title="bbox 15 373 1188 3550">
    <p class='ocr_par' dir='ltr' id='par_1_2' title="bbox 15 373 1188 3550">
     <span class='ocr_line' id='line_1_2' title="bbox 97 373 1088 452; baseline 0.003 -15"><span class='ocrx_word' id='word_1_5' title='bbox 97 377 220 438; x_wconf 88' lang='lat' dir='ltr'><strong>caustica</strong></span> <span class='ocrx_word' id='word_1_6' title='bbox 233 383 287 436; x_wconf 87' lang='lat' dir='ltr'><strong>est.</strong></span> <span class='ocrx_word' id='word_1_7' title='bbox 312 383 456 452; x_wconf 89' lang='lat' dir='ltr'><strong>optumum</strong></span> <span class='ocrx_word' id='word_1_8' title='bbox 471 383 565 435; x_wconf 92' lang='lat' dir='ltr'><strong>autem</strong></span> <span class='ocrx_word' id='word_1_9' title='bbox 580 373 782 452; x_wconf 76' lang='lat' dir='ltr'><strong>Babylonium,</strong></span> <span class='ocrx_word' id='word_1_10' title='bbox 803 375 929 435; x_wconf 86' lang='lat' dir='ltr'><strong>silvestri</strong></span> <span class='ocrx_word' id='word_1_11' title='bbox 945 377 981 438; x_wconf 95' lang='lat' dir='ltr'><strong>ad</strong></span> <span class='ocrx_word' id='word_1_12' title='bbox 996 381 1088 441; x_wconf 87' lang='lat' dir='ltr'><strong>omnia</strong></span> 
     </span>
     <span class='ocr_line' id='line_1_3' title="bbox 97 459 380 522; baseline -0.018 0"><span class='ocrx_word' id='word_1_13' title='bbox 97 479 129 522; x_wconf 81' lang='lat' dir='ltr'><strong>aa</strong></span> <span class='ocrx_word' id='word_1_14' title='bbox 144 460 265 520; x_wconf 80' lang='lat' dir='ltr'><strong>effectus</strong></span> <span class='ocrx_word' id='word_1_15' title='bbox 280 459 380 518; x_wconf 93' lang='lat' dir='ltr'><strong>maior.</strong></span> 
     </span>
     <span class='ocr_line' id='line_1_4' title="bbox 155 541 1128 622; baseline 0.011 -19"><span class='ocrx_word' id='word_1_16' title='bbox 155 543 239 622; x_wconf 83' lang='lat'>(51.)</span> <span class='ocrx_word' id='word_1_17' title='bbox 253 542 286 602; x_wconf 89' lang='lat' dir='ltr'><strong>lu</strong></span> <span class='ocrx_word' id='word_1_18' title='bbox 296 543 462 622; x_wconf 81' lang='lat' dir='ltr'><strong>praecipuis</strong></span> <span class='ocrx_word' id='word_1_19' title='bbox 474 552 568 604; x_wconf 88' lang='lat' dir='ltr'><strong>autem</strong></span> <span class='ocrx_word' id='word_1_20' title='bbox 578 541 813 603; x_wconf 80' lang='lat' dir='ltr'><strong>medicaminibus</strong></span> <span class='ocrx_word' id='word_1_21' title='bbox 824 551 887 602; x_wconf 91' lang='lat' dir='ltr'><strong>ruta</strong></span> <span class='ocrx_word' id='word_1_22' title='bbox 898 552 952 602; x_wconf 87' lang='lat' dir='ltr'><strong>est.</strong></span> <span class='ocrx_word' id='word_1_23' title='bbox 969 544 1069 608; x_wconf 89' lang='lat' dir='ltr'><strong>latiora</strong></span> <span class='ocrx_word' id='word_1_24' title='bbox 1079 557 1128 613; x_wconf 79' lang='grc'><strong>181</strong></span> 
     </span>
     <span class='ocr_line' id='line_1_5' title="bbox 93 625 1087 704; baseline 0.001 -15"><span class='ocrx_word' id='word_1_25' title='bbox 93 630 198 689; x_wconf 89' lang='lat' dir='ltr'><strong>sativae</strong></span> <span class='ocrx_word' id='word_1_26' title='bbox 217 626 304 704; x_wconf 87' lang='lat' dir='ltr'><strong>lolia,</strong></span> <span class='ocrx_word' id='word_1_27' title='bbox 324 628 394 687; x_wconf 89' lang='lat' dir='ltr'><strong>rami</strong></span> <span class='ocrx_word' id='word_1_28' title='bbox 413 627 623 687; x_wconf 80' lang='lat' dir='ltr'><strong>fruticosiores.</strong></span> <span class='ocrx_word' id='word_1_29' title='bbox 645 627 805 702; x_wconf 81' lang='lat' dir='ltr'><strong>silvestris</strong></span> <span class='ocrx_word' id='word_1_30' title='bbox 826 625 942 687; x_wconf 92' lang='lat' dir='ltr'><strong>horrida</strong></span> <span class='ocrx_word' id='word_1_31' title='bbox 962 629 997 688; x_wconf 91' lang='lat' dir='ltr'><strong>ad</strong></span> <span class='ocrx_word' id='word_1_32' title='bbox 1019 631 1087 690; x_wconf 86' lang='lat' dir='ltr'><strong>elle-</strong></span> 
     </span>
     <span class='ocr_line' id='line_1_6' title="bbox 71 710 1088 788; baseline -0.002 -14"><span class='ocrx_word' id='word_1_33' title='bbox 71 720 165 774; x_wconf 82' lang='lat' dir='ltr'><strong>uctum</strong></span> <span class='ocrx_word' id='word_1_34' title='bbox 185 717 230 770; x_wconf 90' lang='lat' dir='ltr'><strong>est</strong></span> <span class='ocrx_word' id='word_1_35' title='bbox 250 721 279 770; x_wconf 92' lang='lat' dir='ltr'><strong>et</strong></span> <span class='ocrx_word' id='word_1_36' title='bbox 302 710 338 771; x_wconf 90' lang='lat' dir='ltr'><strong>ad</strong></span> <span class='ocrx_word' id='word_1_37' title='bbox 356 712 448 772; x_wconf 88' lang='lat' dir='ltr'><strong>omnia</strong></span> <span class='ocrx_word' id='word_1_38' title='bbox 464 711 569 771; x_wconf 91' lang='lat' dir='ltr'><strong>aerior.</strong></span> <span class='ocrx_word' id='word_1_39' title='bbox 607 729 692 770; x_wconf 84' lang='lat' dir='ltr'><strong>sucus</strong></span> <span class='ocrx_word' id='word_1_40' title='bbox 714 711 883 788; x_wconf 78' lang='lat' dir='ltr'><strong>exprimitur</strong></span> <span class='ocrx_word' id='word_1_41' title='bbox 896 719 979 771; x_wconf 92' lang='lat' dir='ltr'><strong>tunsa</strong></span> <span class='ocrx_word' id='word_1_42' title='bbox 995 721 1025 772; x_wconf 89' lang='lat' dir='ltr'><strong>et</strong></span> <span class='ocrx_word' id='word_1_43' title='bbox 1039 713 1088 772; x_wconf 93' lang='lat' dir='ltr'><strong>ad·</strong></span> 
     </span>
     <span class='ocr_line' id='line_1_7' title="bbox 93 791 1089 876; baseline 0 -20"><span class='ocrx_word' id='word_1_44' title='bbox 93 812 193 876; x_wconf 84' lang='lat' dir='ltr'><strong>spensa</strong></span> <span class='ocrx_word' id='word_1_45' title='bbox 212 793 326 854; x_wconf 88' lang='lat' dir='ltr'><strong>modice</strong></span> <span class='ocrx_word' id='word_1_46' title='bbox 350 812 440 872; x_wconf 78' lang='lat' dir='ltr'><strong>aqua,</strong></span> <span class='ocrx_word' id='word_1_47' title='bbox 465 804 495 854; x_wconf 90' lang='lat' dir='ltr'><strong>et</strong></span> <span class='ocrx_word' id='word_1_48' title='bbox 520 795 548 853; x_wconf 91' lang='lat' dir='ltr'><strong>in</strong></span> <span class='ocrx_word' id='word_1_49' title='bbox 569 793 676 874; x_wconf 72' lang='lat' dir='ltr'><strong>pyxide</strong></span> <span class='ocrx_word' id='word_1_50' title='bbox 698 791 807 872; x_wconf 77' lang='lat' dir='ltr'><strong>Cypria</strong></span> <span class='ocrx_word' id='word_1_51' title='bbox 828 793 1004 855; x_wconf 76' lang='lat' dir='ltr'><strong>adservatur.</strong></span> <span class='ocrx_word' id='word_1_52' title='bbox 1041 795 1089 856; x_wconf 90' lang='lat' dir='ltr'><strong>hie</strong></span> 
     </span>
     <span class='ocr_line' id='line_1_8' title="bbox 92 877 1088 957; baseline 0 -17"><span class='ocrx_word' id='word_1_53' title='bbox 92 878 240 957; x_wconf 91' lang='lat' dir='ltr'><strong>copiosior</strong></span> <span class='ocrx_word' id='word_1_54' title='bbox 251 877 332 938; x_wconf 88' lang='lat' dir='ltr'><strong>dutus</strong></span> <span class='ocrx_word' id='word_1_55' title='bbox 344 881 449 938; x_wconf 84' lang='lat' dir='ltr'><strong>veneni</strong></span> <span class='ocrx_word' id='word_1_56' title='bbox 460 880 574 939; x_wconf 81' lang='lat' dir='ltr'><strong>noxiam</strong></span> <span class='ocrx_word' id='word_1_57' title='bbox 586 881 714 957; x_wconf 79' lang='lat' dir='ltr'><strong>optinet,</strong></span> <span class='ocrx_word' id='word_1_58' title='bbox 728 879 757 936; x_wconf 91' lang='lat' dir='ltr'><strong>in</strong></span> <span class='ocrx_word' id='word_1_59' title='bbox 771 877 942 940; x_wconf 78' lang='lat' dir='ltr'><strong>Macedonia</strong></span> <span class='ocrx_word' id='word_1_60' title='bbox 955 897 1088 940; x_wconf 86' lang='lat' dir='ltr'><strong>maxume</strong></span> 
     </span>
     <span class='ocr_line' id='line_1_9' title="bbox 90 960 1087 1040; baseline 0 -18"><span class='ocrx_word' id='word_1_61' title='bbox 90 965 167 1023; x_wconf 88' lang='lat' dir='ltr'><strong>iuxta</strong></span> <span class='ocrx_word' id='word_1_62' title='bbox 182 962 286 1022; x_wconf 86' lang='lat' dir='ltr'><strong>damen</strong></span> <span class='ocrx_word' id='word_1_63' title='bbox 301 960 510 1039; x_wconf 85' lang='lat' dir='ltr'><strong>Aliacmonem,</strong></span> <span class='ocrx_word' id='word_1_64' title='bbox 522 963 697 1040; x_wconf 82' lang='lat' dir='ltr'><strong>mirumque,</strong></span> <span class='ocrx_word' id='word_1_65' title='bbox 715 962 826 1020; x_wconf 87' lang='lat' dir='ltr'><strong>cicutae</strong></span> <span class='ocrx_word' id='word_1_66' title='bbox 844 979 915 1022; x_wconf 86' lang='lat' dir='ltr'><strong>suco</strong></span> <span class='ocrx_word' id='word_1_67' title='bbox 931 964 1087 1040; x_wconf 81' lang='lat' dir='ltr'><strong>exstingui·</strong></span> 
     </span>
     <span class='ocr_line' id='line_1_10' title="bbox 90 1045 1087 1123; baseline -0.001 -16"><span class='ocrx_word' id='word_1_68' title='bbox 90 1057 142 1107; x_wconf 88' lang='lat' dir='ltr'><strong>tur.</strong></span> <span class='ocrx_word' id='word_1_69' title='bbox 174 1045 248 1106; x_wconf 91' lang='lat' dir='ltr'><strong>adeo</strong></span> <span class='ocrx_word' id='word_1_70' title='bbox 265 1047 351 1106; x_wconf 91' lang='lat' dir='ltr'><strong>etiam</strong></span> <span class='ocrx_word' id='word_1_71' title='bbox 366 1062 544 1106; x_wconf 86' lang='lat' dir='ltr'><strong>venenorum</strong></span> <span class='ocrx_word' id='word_1_72' title='bbox 560 1063 672 1105; x_wconf 82' lang='lat' dir='ltr'><strong>uenena</strong></span> <span class='ocrx_word' id='word_1_73' title='bbox 687 1053 767 1122; x_wconf 89' lang='lat' dir='ltr'><strong>sunt,</strong></span> <span class='ocrx_word' id='word_1_74' title='bbox 785 1046 898 1123; x_wconf 89' lang='lat' dir='ltr'><strong>quando</strong></span> <span class='ocrx_word' id='word_1_75' title='bbox 914 1047 1026 1107; x_wconf 87' lang='lat' dir='ltr'><strong>cicutae</strong></span> <span class='ocrx_word' id='word_1_76' title='bbox 1040 1065 1087 1106; x_wconf 90' lang='lat' dir='ltr'><strong>su·</strong></span> 
     </span>
     <span class='ocr_line' id='line_1_11' title="bbox 55 1125 1157 1209; baseline -0.002 -18"><span class='ocrx_word' id='word_1_77' title='bbox 55 1150 80 1191; x_wconf 86' lang='lat' dir='ltr'><strong>ro</strong></span> <span class='ocrx_word' id='word_1_78' title='bbox 91 1148 139 1191; x_wconf 93' lang='lat' dir='ltr'><strong>cus</strong></span> <span class='ocrx_word' id='word_1_79' title='bbox 154 1125 279 1209; x_wconf 66' lang='lat' dir='ltr'><strong>&#39;prodest</strong></span> <span class='ocrx_word' id='word_1_80' title='bbox 293 1128 422 1190; x_wconf 90' lang='lat' dir='ltr'><strong>manibus</strong></span> <span class='ocrx_word' id='word_1_81' title='bbox 441 1141 470 1190; x_wconf 92' lang='lat' dir='ltr'><strong>et</strong></span> <span class='ocrx_word' id='word_1_82' title='bbox 484 1127 523 1171; x_wconf 81' lang='lat'><strong>**</strong></span> <span class='ocrx_word' id='word_1_83' title='bbox 544 1129 741 1206; x_wconf 77' lang='lat' dir='ltr'><strong>colligentium</strong></span> <span class='ocrx_word' id='word_1_84' title='bbox 756 1137 857 1188; x_wconf 86' lang='lat' dir='ltr'><strong>rutam.</strong></span> <span class='ocrx_word' id='word_1_85' title='bbox 879 1138 979 1190; x_wconf 90' lang='lat' dir='ltr'><strong>cetero</strong></span> <span class='ocrx_word' id='word_1_86' title='bbox 994 1132 1068 1191; x_wconf 91' lang='lat' dir='ltr'><strong>inter</strong></span> <span class='ocrx_word' id='word_1_87' title='bbox 1081 1139 1130 1196; x_wconf 70' lang='lat'><strong>132</strong></span> <span class='ocrx_word' id='word_1_88' title='bbox 1155 1139 1157 1144; x_wconf 84' lang='lat'>&#39;</span> 
     </span>
     <span class='ocr_line' id='line_1_12' title="bbox 90 1211 1087 1293; baseline 0 -20"><span class='ocrx_word' id='word_1_89' title='bbox 90 1215 179 1293; x_wconf 90' lang='lat' dir='ltr'><strong>prima</strong></span> <span class='ocrx_word' id='word_1_90' title='bbox 199 1214 338 1274; x_wconf 86' lang='lat' dir='ltr'><strong>miscetur</strong></span> <span class='ocrx_word' id='word_1_91' title='bbox 355 1213 504 1290; x_wconf 88' lang='lat' dir='ltr'><strong>antidotis,</strong></span> <span class='ocrx_word' id='word_1_92' title='bbox 525 1215 742 1292; x_wconf 84' lang='lat' dir='ltr'><strong>praecipueque</strong></span> <span class='ocrx_word' id='word_1_93' title='bbox 764 1211 901 1273; x_wconf 73' lang='lat' dir='ltr'><strong>Galatica.</strong></span> <span class='ocrx_word' id='word_1_94' title='bbox 936 1231 1087 1292; x_wconf 84' lang='lat' dir='ltr'><strong>quaecum·</strong></span> 
     </span>
     <span class='ocr_line' id='line_1_13' title="bbox 90 1295 1088 1377; baseline 0.001 -20"><span class='ocrx_word' id='word_1_95' title='bbox 90 1316 145 1377; x_wconf 88' lang='lat' dir='ltr'><strong>que</strong></span> <span class='ocrx_word' id='word_1_96' title='bbox 158 1306 255 1358; x_wconf 91' lang='lat' dir='ltr'><strong>autem</strong></span> <span class='ocrx_word' id='word_1_97' title='bbox 266 1306 330 1358; x_wconf 89' lang='lat' dir='ltr'><strong>ruta</strong></span> <span class='ocrx_word' id='word_1_98' title='bbox 346 1306 375 1356; x_wconf 91' lang='lat' dir='ltr'><strong>et</strong></span> <span class='ocrx_word' id='word_1_99' title='bbox 389 1315 443 1376; x_wconf 91' lang='lat' dir='ltr'><strong>per</strong></span> <span class='ocrx_word' id='word_1_100' title='bbox 461 1315 493 1356; x_wconf 92' lang='lat' dir='ltr'><strong>se</strong></span> <span class='ocrx_word' id='word_1_101' title='bbox 507 1313 562 1374; x_wconf 90' lang='lat' dir='ltr'><strong>pro</strong></span> <span class='ocrx_word' id='word_1_102' title='bbox 578 1296 706 1356; x_wconf 89' lang='lat' dir='ltr'><strong>antidoto</strong></span> <span class='ocrx_word' id='word_1_103' title='bbox 722 1295 800 1356; x_wconf 90' lang='lat' dir='ltr'><strong>valet</strong></span> <span class='ocrx_word' id='word_1_104' title='bbox 819 1296 897 1357; x_wconf 87' lang='lat' dir='ltr'><strong>foliis</strong></span> <span class='ocrx_word' id='word_1_105' title='bbox 912 1299 986 1358; x_wconf 89' lang='lat' dir='ltr'><strong>tritis</strong></span> <span class='ocrx_word' id='word_1_106' title='bbox 1007 1307 1037 1358; x_wconf 86' lang='lat' dir='ltr'><strong>et</strong></span> <span class='ocrx_word' id='word_1_107' title='bbox 1051 1317 1088 1358; x_wconf 84' lang='lat' dir='ltr'><strong>ex</strong></span> 
     </span>
     <span class='ocr_line' id='line_1_14' title="bbox 88 1381 1086 1461; baseline -0.001 -20"><span class='ocrx_word' id='word_1_108' title='bbox 88 1385 154 1441; x_wconf 86' lang='lat' dir='ltr'><strong>rino</strong></span> <span class='ocrx_word' id='word_1_109' title='bbox 173 1383 310 1461; x_wconf 88' lang='lat' dir='ltr'><strong>sumptis,</strong></span> <span class='ocrx_word' id='word_1_110' title='bbox 334 1391 434 1442; x_wconf 92' lang='lat' dir='ltr'><strong>contra</strong></span> <span class='ocrx_word' id='word_1_111' title='bbox 448 1381 591 1440; x_wconf 74' lang='lat' dir='ltr'><strong>aconitum</strong></span> <span class='ocrx_word' id='word_1_112' title='bbox 605 1397 735 1440; x_wconf 73' lang='lat' dir='ltr'><strong>murtiae</strong></span> <span class='ocrx_word' id='word_1_113' title='bbox 749 1389 778 1439; x_wconf 90' lang='lat' dir='ltr'><strong>et</strong></span> <span class='ocrx_word' id='word_1_114' title='bbox 792 1382 916 1460; x_wconf 81' lang='lat' dir='ltr'><strong>visum,</strong></span> <span class='ocrx_word' id='word_1_115' title='bbox 941 1383 1009 1442; x_wconf 73' lang='lat' dir='ltr'><strong>item</strong></span> <span class='ocrx_word' id='word_1_116' title='bbox 1023 1383 1086 1442; x_wconf 86' lang='lat' dir='ltr'><strong>iun-</strong></span> 
     </span>
     <span class='ocr_line' id='line_1_15' title="bbox 89 1463 1086 1544; baseline 0.001 -20"><span class='ocrx_word' id='word_1_117' title='bbox 89 1483 163 1543; x_wconf 88' lang='lat' dir='ltr'><strong>gos,</strong></span> <span class='ocrx_word' id='word_1_118' title='bbox 180 1465 286 1525; x_wconf 84' lang='lat' dir='ltr'><strong>sivein</strong></span> <span class='ocrx_word' id='word_1_119' title='bbox 302 1473 373 1544; x_wconf 90' lang='lat' dir='ltr'><strong>potu</strong></span> <span class='ocrx_word' id='word_1_120' title='bbox 388 1464 509 1525; x_wconf 92' lang='lat' dir='ltr'><strong>detur</strong></span> <span class='ocrx_word' id='word_1_121' title='bbox 485 1483 547 1524; x_wconf 84' lang='lat' dir='ltr'><strong>sive</strong></span> <span class='ocrx_word' id='word_1_122' title='bbox 560 1465 589 1522; x_wconf 91' lang='lat' dir='ltr'><strong>in</strong></span> <span class='ocrx_word' id='word_1_123' title='bbox 605 1463 682 1524; x_wconf 90' lang='lat' dir='ltr'><strong>cibo</strong></span> <span class='ocrx_word' id='word_1_124' title='bbox 706 1464 793 1525; x_wconf 87' lang='lat' dir='ltr'><strong>simili</strong></span> <span class='ocrx_word' id='word_1_125' title='bbox 808 1464 895 1525; x_wconf 89' lang='lat' dir='ltr'><strong>modo</strong></span> <span class='ocrx_word' id='word_1_126' title='bbox 910 1474 1011 1526; x_wconf 88' lang='lat' dir='ltr'><strong>contra</strong></span> <span class='ocrx_word' id='word_1_127' title='bbox 1026 1481 1086 1526; x_wconf 89' lang='lat' dir='ltr'><strong>ser-</strong></span> 
     </span>
     <span class='ocr_line' id='line_1_16' title="bbox 52 1547 1085 1646; baseline -0.002 -36"><span class='ocrx_word' id='word_1_128' title='bbox 52 1571 78 1611; x_wconf 82' lang='lat' dir='ltr'><strong>re</strong></span> <span class='ocrx_word' id='word_1_129' title='bbox 91 1549 219 1646; x_wconf 81' lang='lat' dir='ltr'><strong>peutirnp</strong></span> <span class='ocrx_word' id='word_1_130' title='bbox 237 1549 338 1624; x_wconf 90' lang='lat' dir='ltr'><strong>ictus,</strong></span> <span class='ocrx_word' id='word_1_131' title='bbox 349 1557 449 1628; x_wconf 82' lang='lat' dir='ltr'><strong>utpote</strong></span> <span class='ocrx_word' id='word_1_132' title='bbox 465 1566 529 1608; x_wconf 89' lang='lat' dir='ltr'><strong>cum</strong></span> <span class='ocrx_word' id='word_1_133' title='bbox 544 1547 684 1608; x_wconf 79' lang='lat' dir='ltr'><strong>mustelae</strong></span> <span class='ocrx_word' id='word_1_134' title='bbox 699 1548 882 1608; x_wconf 84' lang='lat' dir='ltr'><strong>dimicaturae</strong></span> <span class='ocrx_word' id='word_1_135' title='bbox 904 1566 967 1608; x_wconf 89' lang='lat' dir='ltr'><strong>cum</strong></span> <span class='ocrx_word' id='word_1_136' title='bbox 982 1549 1026 1608; x_wconf 92' lang='lat' dir='ltr'><strong>his</strong></span> <span class='ocrx_word' id='word_1_137' title='bbox 1040 1568 1085 1609; x_wconf 92' lang='lat' dir='ltr'><strong>ru·</strong></span> 
     </span>
     <span class='ocr_line' id='line_1_17' title="bbox 88 1629 1129 1710; baseline -0.001 -17"><span class='ocrx_word' id='word_1_138' title='bbox 88 1642 146 1693; x_wconf 85' lang='lat' dir='ltr'><strong>tana</strong></span> <span class='ocrx_word' id='word_1_139' title='bbox 161 1632 240 1710; x_wconf 91' lang='lat' dir='ltr'><strong>prius</strong></span> <span class='ocrx_word' id='word_1_140' title='bbox 257 1630 370 1690; x_wconf 91' lang='lat' dir='ltr'><strong>edendo</strong></span> <span class='ocrx_word' id='word_1_141' title='bbox 389 1649 422 1690; x_wconf 85' lang='lat' dir='ltr'><strong>ae</strong></span> <span class='ocrx_word' id='word_1_142' title='bbox 436 1633 571 1690; x_wconf 90' lang='lat' dir='ltr'><strong>muniant.</strong></span> <span class='ocrx_word' id='word_1_143' title='bbox 595 1629 647 1690; x_wconf 90' lang='lat' dir='ltr'><strong>sed</strong></span> <span class='ocrx_word' id='word_1_144' title='bbox 662 1629 759 1690; x_wconf 87' lang='lat' dir='ltr'><strong>valent</strong></span> <span class='ocrx_word' id='word_1_145' title='bbox 774 1639 804 1689; x_wconf 91' lang='lat' dir='ltr'><strong>et</strong></span> <span class='ocrx_word' id='word_1_146' title='bbox 821 1639 918 1691; x_wconf 89' lang='lat' dir='ltr'><strong>contra</strong></span> <span class='ocrx_word' id='word_1_147' title='bbox 934 1633 1129 1710; x_wconf 80' lang='lat' dir='ltr'><strong>scorpio-133</strong></span> 
     </span>
     <span class='ocr_line' id='line_1_18' title="bbox 88 1713 1087 1793; baseline -0.002 -17"><span class='ocrx_word' id='word_1_148' title='bbox 88 1732 155 1776; x_wconf 92' lang='lat' dir='ltr'><strong>num</strong></span> <span class='ocrx_word' id='word_1_149' title='bbox 182 1722 211 1773; x_wconf 92' lang='lat' dir='ltr'><strong>et</strong></span> <span class='ocrx_word' id='word_1_150' title='bbox 236 1722 336 1774; x_wconf 87' lang='lat' dir='ltr'><strong>contra</strong></span> <span class='ocrx_word' id='word_1_151' title='bbox 361 1730 545 1790; x_wconf 88' lang='lat' dir='ltr'><strong>araneorum,</strong></span> <span class='ocrx_word' id='word_1_152' title='bbox 576 1714 687 1793; x_wconf 88' lang='lat' dir='ltr'><strong>apium,</strong></span> <span class='ocrx_word' id='word_1_153' title='bbox 722 1713 908 1790; x_wconf 87' lang='lat' dir='ltr'><strong>crabronum,</strong></span> <span class='ocrx_word' id='word_1_154' title='bbox 933 1732 1087 1793; x_wconf 83' lang='lat' dir='ltr'><strong>vesparum</strong></span> 
     </span>
     <span class='ocr_line' id='line_1_19' title="bbox 89 1795 1085 1878; baseline -0.003 -18"><span class='ocrx_word' id='word_1_155' title='bbox 89 1798 211 1860; x_wconf 89' lang='lat' dir='ltr'><strong>aculeos</strong></span> <span class='ocrx_word' id='word_1_156' title='bbox 224 1805 253 1856; x_wconf 90' lang='lat' dir='ltr'><strong>et</strong></span> <span class='ocrx_word' id='word_1_157' title='bbox 265 1795 446 1872; x_wconf 82' lang='lat' dir='ltr'><strong>cantharidas</strong></span> <span class='ocrx_word' id='word_1_158' title='bbox 459 1815 497 1856; x_wconf 92' lang='lat' dir='ltr'><strong>ac</strong></span> <span class='ocrx_word' id='word_1_159' title='bbox 507 1796 701 1858; x_wconf 86' lang='lat' dir='ltr'><strong>salamandras</strong></span> <span class='ocrx_word' id='word_1_160' title='bbox 710 1799 830 1878; x_wconf 85' lang='lat' dir='ltr'><strong>canisve</strong></span> <span class='ocrx_word' id='word_1_161' title='bbox 842 1797 951 1858; x_wconf 89' lang='lat' dir='ltr'><strong>rabiosi</strong></span> <span class='ocrx_word' id='word_1_162' title='bbox 961 1815 1085 1858; x_wconf 83' lang='lat' dir='ltr'><strong>morsus.</strong></span> 
     </span>
     <span class='ocr_line' id='line_1_20' title="bbox 89 1879 1164 1957; baseline -0.003 -13"><span class='ocrx_word' id='word_1_163' title='bbox 89 1880 237 1944; x_wconf 88' lang='lat' dir='ltr'><strong>acetabuli</strong></span> <span class='ocrx_word' id='word_1_164' title='bbox 260 1897 394 1941; x_wconf 90' lang='lat' dir='ltr'><strong>mensura</strong></span> <span class='ocrx_word' id='word_1_165' title='bbox 420 1899 507 1941; x_wconf 87' lang='lat' dir='ltr'><strong>sucus</strong></span> <span class='ocrx_word' id='word_1_166' title='bbox 533 1884 638 1941; x_wconf 84' lang='lat' dir='ltr'><strong>ovino</strong></span> <span class='ocrx_word' id='word_1_167' title='bbox 660 1879 781 1957; x_wconf 86' lang='lat' dir='ltr'><strong>bibitur,</strong></span> <span class='ocrx_word' id='word_1_168' title='bbox 810 1890 840 1940; x_wconf 90' lang='lat' dir='ltr'><strong>et</strong></span> <span class='ocrx_word' id='word_1_169' title='bbox 859 1881 928 1944; x_wconf 86' lang='lat' dir='ltr'><strong>lolia</strong></span> <span class='ocrx_word' id='word_1_170' title='bbox 949 1884 1016 1942; x_wconf 89' lang='lat' dir='ltr'><strong>trita</strong></span> <span class='ocrx_word' id='word_1_171' title='bbox 1037 1882 1085 1941; x_wconf 86' lang='lat' dir='ltr'><strong>vel</strong></span> <span class='ocrx_word' id='word_1_172' title='bbox 1162 1901 1164 1912; x_wconf 93' lang='lat'>·</span> 
     </span>
     <span class='ocr_line' id='line_1_21' title="bbox 50 1963 1085 2042; baseline -0.006 -12"><span class='ocrx_word' id='word_1_173' title='bbox 50 1989 79 2031; x_wconf 83' lang='grc' dir='ltr'><strong>ιο</strong></span> <span class='ocrx_word' id='word_1_174' title='bbox 90 1964 318 2027; x_wconf 86' lang='lat' dir='ltr'><strong>conmanducata</strong></span> <span class='ocrx_word' id='word_1_175' title='bbox 339 1966 513 2042; x_wconf 88' lang='lat' dir='ltr'><strong>inponantur</strong></span> <span class='ocrx_word' id='word_1_176' title='bbox 534 1981 597 2024; x_wconf 89' lang='lat' dir='ltr'><strong>cum</strong></span> <span class='ocrx_word' id='word_1_177' title='bbox 615 1963 702 2025; x_wconf 91' lang='lat' dir='ltr'><strong>melle</strong></span> <span class='ocrx_word' id='word_1_178' title='bbox 719 1983 754 2025; x_wconf 90' lang='lat' dir='ltr'><strong>ae</strong></span> <span class='ocrx_word' id='word_1_179' title='bbox 770 1964 831 2025; x_wconf 86' lang='lat' dir='ltr'><strong>eale</strong></span> <span class='ocrx_word' id='word_1_180' title='bbox 851 1967 899 2026; x_wconf 88' lang='lat' dir='ltr'><strong>rel</strong></span> <span class='ocrx_word' id='word_1_181' title='bbox 919 1964 981 2028; x_wconf 84' lang='lat' dir='ltr'><strong>cuni</strong></span> <span class='ocrx_word' id='word_1_182' title='bbox 1001 1975 1085 2026; x_wconf 90' lang='lat' dir='ltr'><strong>aceto</strong></span> 
     </span>
     <span class='ocr_line' id='line_1_22' title="bbox 89 2047 1182 2128; baseline -0.001 -17"><span class='ocrx_word' id='word_1_183' title='bbox 89 2059 120 2111; x_wconf 92' lang='lat' dir='ltr'><strong>et</strong></span> <span class='ocrx_word' id='word_1_184' title='bbox 142 2051 208 2128; x_wconf 88' lang='lat' dir='ltr'><strong>pice</strong></span> <span class='ocrx_word' id='word_1_185' title='bbox 230 2047 362 2108; x_wconf 89' lang='lat' dir='ltr'><strong>decocta.</strong></span> <span class='ocrx_word' id='word_1_186' title='bbox 396 2065 466 2108; x_wconf 90' lang='lat' dir='ltr'><strong>suco</strong></span> <span class='ocrx_word' id='word_1_187' title='bbox 485 2056 640 2127; x_wconf 90' lang='lat' dir='ltr'><strong>perunctos</strong></span> <span class='ocrx_word' id='word_1_188' title='bbox 662 2057 710 2108; x_wconf 92' lang='lat' dir='ltr'><strong>aut</strong></span> <span class='ocrx_word' id='word_1_189' title='bbox 731 2049 815 2108; x_wconf 91' lang='lat' dir='ltr'><strong>etiarn</strong></span> <span class='ocrx_word' id='word_1_190' title='bbox 830 2048 963 2110; x_wconf 91' lang='lat' dir='ltr'><strong>habentis</strong></span> <span class='ocrx_word' id='word_1_191' title='bbox 980 2058 1087 2127; x_wconf 76' lang='lat' dir='ltr'><strong>negant</strong></span> <span class='ocrx_word' id='word_1_192' title='bbox 1177 2109 1182 2118; x_wconf 79' lang='grc'><strong>,</strong></span> 
     </span>
     <span class='ocr_line' id='line_1_23' title="bbox 87 2129 1188 2210; baseline -0.004 -14"><span class='ocrx_word' id='word_1_193' title='bbox 87 2134 171 2196; x_wconf 78' lang='lat' dir='ltr'><strong>feriri</strong></span> <span class='ocrx_word' id='word_1_194' title='bbox 185 2131 221 2193; x_wconf 92' lang='lat' dir='ltr'><strong>ab</strong></span> <span class='ocrx_word' id='word_1_195' title='bbox 236 2131 284 2191; x_wconf 87' lang='lat' dir='ltr'><strong>bis</strong></span> <span class='ocrx_word' id='word_1_196' title='bbox 297 2129 462 2208; x_wconf 86' lang='lat' dir='ltr'><strong>maleficiis,</strong></span> <span class='ocrx_word' id='word_1_197' title='bbox 479 2133 696 2210; x_wconf 85' lang='lat' dir='ltr'><strong>serpentisque,</strong></span> <span class='ocrx_word' id='word_1_198' title='bbox 712 2133 738 2190; x_wconf 90' lang='lat' dir='ltr'><strong>si</strong></span> <span class='ocrx_word' id='word_1_199' title='bbox 752 2141 848 2191; x_wconf 90' lang='lat' dir='ltr'><strong>uratur</strong></span> <span class='ocrx_word' id='word_1_200' title='bbox 861 2142 940 2209; x_wconf 90' lang='lat' dir='ltr'><strong>ruta,</strong></span> <span class='ocrx_word' id='word_1_201' title='bbox 955 2133 1085 2194; x_wconf 89' lang='lat' dir='ltr'><strong>nidorem</strong></span> <span class='ocrx_word' id='word_1_202' title='bbox 1184 2165 1188 2180; x_wconf 84' lang='lat'><strong>·</strong></span> 
     </span>
     <span class='ocr_line' id='line_1_24' title="bbox 59 2214 1127 2295; baseline 0.003 -17.084"><span class='ocrx_word' id='word_1_203' title='bbox 59 2221 204 2295; x_wconf 79' lang='lat' dir='ltr'><strong>¹fugere.</strong></span> <span class='ocrx_word' id='word_1_204' title='bbox 240 2214 441 2276; x_wconf 88' lang='lat' dir='ltr'><strong>efficacissima</strong></span> <span class='ocrx_word' id='word_1_205' title='bbox 464 2225 559 2277; x_wconf 90' lang='lat' dir='ltr'><strong>tamen</strong></span> <span class='ocrx_word' id='word_1_206' title='bbox 581 2224 626 2275; x_wconf 91' lang='lat' dir='ltr'><strong>est</strong></span> <span class='ocrx_word' id='word_1_207' title='bbox 650 2215 792 2276; x_wconf 82' lang='lat' dir='ltr'><strong>silvestris</strong></span> <span class='ocrx_word' id='word_1_208' title='bbox 814 2215 896 2276; x_wconf 83' lang='lat' dir='ltr'><strong>radix</strong></span> <span class='ocrx_word' id='word_1_209' title='bbox 916 2233 979 2275; x_wconf 88' lang='lat' dir='ltr'><strong>cum</strong></span> <span class='ocrx_word' id='word_1_210' title='bbox 997 2218 1064 2276; x_wconf 86' lang='lat' dir='ltr'><strong>vino</strong></span> <span class='ocrx_word' id='word_1_211' title='bbox 1077 2226 1127 2280; x_wconf 74' lang='lat'><strong>134</strong></span> 
     </span>
     <span class='ocr_line' id='line_1_25' title="bbox 89 2298 1084 2380; baseline -0.004 -18"><span class='ocrx_word' id='word_1_212' title='bbox 89 2309 212 2380; x_wconf 89' lang='lat' dir='ltr'><strong>sumpta.</strong></span> <span class='ocrx_word' id='word_1_213' title='bbox 246 2298 367 2360; x_wconf 87' lang='lat' dir='ltr'><strong>eandem</strong></span> <span class='ocrx_word' id='word_1_214' title='bbox 386 2300 511 2360; x_wconf 88' lang='lat' dir='ltr'><strong>adiciunt</strong></span> <span class='ocrx_word' id='word_1_215' title='bbox 532 2298 727 2360; x_wconf 82' lang='lat' dir='ltr'><strong>efficaciorem</strong></span> <span class='ocrx_word' id='word_1_216' title='bbox 746 2315 812 2358; x_wconf 87' lang='lat' dir='ltr'><strong>esse</strong></span> <span class='ocrx_word' id='word_1_217' title='bbox 837 2299 888 2358; x_wconf 91' lang='lat' dir='ltr'><strong>sub</strong></span> <span class='ocrx_word' id='word_1_218' title='bbox 911 2300 958 2360; x_wconf 92' lang='lat' dir='ltr'><strong>diu</strong></span> <span class='ocrx_word' id='word_1_219' title='bbox 979 2307 1084 2380; x_wconf 90' lang='lat' dir='ltr'><strong>potam.</strong></span> 
     </span>
     <span class='ocr_line' id='line_1_26' title="bbox 47 2380 1086 2470; baseline -0.006 -23"><span class='ocrx_word' id='word_1_220' title='bbox 47 2409 78 2447; x_wconf 80' lang='lat' dir='ltr'><strong>as</strong></span> <span class='ocrx_word' id='word_1_221' title='bbox 89 2384 272 2461; x_wconf 73' lang='lat' dir='ltr'><strong>Pythagoraa</strong></span> <span class='ocrx_word' id='word_1_222' title='bbox 290 2391 320 2442; x_wconf 92' lang='lat' dir='ltr'><strong>et</strong></span> <span class='ocrx_word' id='word_1_223' title='bbox 341 2383 370 2441; x_wconf 93' lang='lat' dir='ltr'><strong>in</strong></span> <span class='ocrx_word' id='word_1_224' title='bbox 390 2383 445 2443; x_wconf 90' lang='lat' dir='ltr'><strong>hac</strong></span> <span class='ocrx_word' id='word_1_225' title='bbox 466 2401 573 2444; x_wconf 88' lang='lat' dir='ltr'><strong>marem</strong></span> <span class='ocrx_word' id='word_1_226' title='bbox 593 2381 749 2442; x_wconf 88' lang='lat' dir='ltr'><strong>minoribus</strong></span> <span class='ocrx_word' id='word_1_227' title='bbox 765 2380 958 2470; x_wconf 79' lang='lat' dir='ltr'><strong>herbaceique</strong></span> <span class='ocrx_word' id='word_1_228' title='bbox 978 2383 1086 2444; x_wconf 87' lang='lat' dir='ltr'><strong>coloris</strong></span> 
     </span>
     <span class='ocr_line' id='line_1_27' title="bbox 88 2466 1086 2528; baseline -0.004 0"><span class='ocrx_word' id='word_1_229' title='bbox 88 2467 170 2528; x_wconf 83' lang='lat' dir='ltr'><strong>loliis</strong></span> <span class='ocrx_word' id='word_1_230' title='bbox 184 2485 201 2528; x_wconf 96' lang='lat' dir='ltr'><strong>a</strong></span> <span class='ocrx_word' id='word_1_231' title='bbox 216 2467 323 2527; x_wconf 85' lang='lat' dir='ltr'><strong>femina</strong></span> <span class='ocrx_word' id='word_1_232' title='bbox 338 2466 484 2526; x_wconf 85' lang='lat' dir='ltr'><strong>discrevit.</strong></span> <span class='ocrx_word' id='word_1_233' title='bbox 507 2485 569 2526; x_wconf 87' lang='lat' dir='ltr'><strong>eam</strong></span> <span class='ocrx_word' id='word_1_234' title='bbox 579 2466 747 2528; x_wconf 83' lang='lat' dir='ltr'><strong>laetioribus</strong></span> <span class='ocrx_word' id='word_1_235' title='bbox 761 2467 840 2528; x_wconf 85' lang='lat' dir='ltr'><strong>foliis</strong></span> <span class='ocrx_word' id='word_1_236' title='bbox 852 2477 880 2527; x_wconf 88' lang='lat' dir='ltr'><strong>et</strong></span> <span class='ocrx_word' id='word_1_237' title='bbox 895 2468 995 2528; x_wconf 89' lang='lat' dir='ltr'><strong>colore</strong></span> <span class='ocrx_word' id='word_1_238' title='bbox 1011 2468 1086 2528; x_wconf 90' lang='lat' dir='ltr'><strong>idern</strong></span> 
     </span>
     <span class='ocr_line' id='line_1_28' title="bbox 21 2549 1098 2636; baseline -0.001 -26"><span class='ocrx_word' id='word_1_239' title='bbox 21 2615 31 2636; x_wconf 39' lang='lat' dir='ltr'><em>e</em></span> <span class='ocrx_word' id='word_1_240' title='bbox 90 2550 185 2611; x_wconf 88' lang='lat' dir='ltr'><strong>oculis</strong></span> <span class='ocrx_word' id='word_1_241' title='bbox 201 2551 314 2610; x_wconf 88' lang='lat' dir='ltr'><strong>noxiam</strong></span> <span class='ocrx_word' id='word_1_242' title='bbox 330 2551 449 2628; x_wconf 88' lang='lat' dir='ltr'><strong>putavit,</strong></span> <span class='ocrx_word' id='word_1_243' title='bbox 463 2549 578 2626; x_wconf 83' lang='lat' dir='ltr'><strong>falsum,</strong></span> <span class='ocrx_word' id='word_1_244' title='bbox 594 2552 726 2630; x_wconf 75' lang='lat' dir='ltr'><strong>quoniam</strong></span> <span class='ocrx_word' id='word_1_245' title='bbox 737 2549 900 2630; x_wconf 88' lang='lat' dir='ltr'><strong>scalptores</strong></span> <span class='ocrx_word' id='word_1_246' title='bbox 916 2561 945 2611; x_wconf 91' lang='lat' dir='ltr'><strong>et</strong></span> <span class='ocrx_word' id='word_1_247' title='bbox 957 2555 1098 2630; x_wconf 88' lang='lat' dir='ltr'><strong>pictores</strong></span> 
     </span>
     <span class='ocr_line' id='line_1_29' title="bbox 89 2631 1086 2713; baseline 0 -18"><span class='ocrx_word' id='word_1_248' title='bbox 89 2636 150 2695; x_wconf 90' lang='lat' dir='ltr'><strong>hoe</strong></span> <span class='ocrx_word' id='word_1_249' title='bbox 165 2631 230 2692; x_wconf 93' lang='lat' dir='ltr'><strong>cibo</strong></span> <span class='ocrx_word' id='word_1_250' title='bbox 244 2642 358 2694; x_wconf 90' lang='lat' dir='ltr'><strong>utuntur</strong></span> <span class='ocrx_word' id='word_1_251' title='bbox 374 2634 527 2694; x_wconf 89' lang='lat' dir='ltr'><strong>oculorum</strong></span> <span class='ocrx_word' id='word_1_252' title='bbox 540 2651 626 2694; x_wconf 88' lang='lat' dir='ltr'><strong>eausa</strong></span> <span class='ocrx_word' id='word_1_253' title='bbox 643 2649 707 2693; x_wconf 89' lang='lat' dir='ltr'><strong>curn</strong></span> <span class='ocrx_word' id='word_1_254' title='bbox 722 2651 797 2713; x_wconf 90' lang='lat' dir='ltr'><strong>pane</strong></span> <span class='ocrx_word' id='word_1_255' title='bbox 811 2635 858 2694; x_wconf 81' lang='lat' dir='ltr'><strong>vel</strong></span> <span class='ocrx_word' id='word_1_256' title='bbox 872 2637 1021 2712; x_wconf 91' lang='lat' dir='ltr'><strong>nasturtio,</strong></span> <span class='ocrx_word' id='word_1_257' title='bbox 1039 2653 1086 2695; x_wconf 92' lang='lat' dir='ltr'><strong>ca·</strong></span> 
     </span>
     <span class='ocr_line' id='line_1_30' title="bbox 91 2717 1126 2798; baseline 0.003 -21"><span class='ocrx_word' id='word_1_258' title='bbox 91 2735 165 2798; x_wconf 89' lang='lat' dir='ltr'><strong>prae</strong></span> <span class='ocrx_word' id='word_1_259' title='bbox 181 2733 297 2796; x_wconf 88' lang='lat' dir='ltr'><strong>quoque</strong></span> <span class='ocrx_word' id='word_1_260' title='bbox 313 2717 462 2777; x_wconf 85' lang='lat' dir='ltr'><strong>siluestres</strong></span> <span class='ocrx_word' id='word_1_261' title='bbox 478 2726 600 2794; x_wconf 90' lang='lat' dir='ltr'><strong>propter</strong></span> <span class='ocrx_word' id='word_1_262' title='bbox 613 2717 722 2792; x_wconf 86' lang='lat' dir='ltr'><strong>visura,</strong></span> <span class='ocrx_word' id='word_1_263' title='bbox 739 2727 770 2776; x_wconf 91' lang='lat' dir='ltr'><strong>ut</strong></span> <span class='ocrx_word' id='word_1_264' title='bbox 784 2719 869 2778; x_wconf 90' lang='lat' dir='ltr'><strong>aiunt.</strong></span> <span class='ocrx_word' id='word_1_265' title='bbox 898 2720 978 2779; x_wconf 88' lang='lat' dir='ltr'><strong>multi</strong></span> <span class='ocrx_word' id='word_1_266' title='bbox 994 2735 1065 2779; x_wconf 91' lang='lat' dir='ltr'><strong>suco</strong></span> <span class='ocrx_word' id='word_1_267' title='bbox 1076 2724 1126 2780; x_wconf 81' lang='lat' dir='ltr'><strong>lut</strong></span> 
     </span>
     <span class='ocr_line' id='line_1_31' title="bbox 45 2799 1087 2882; baseline -0.003 -19"><span class='ocrx_word' id='word_1_268' title='bbox 45 2822 78 2862; x_wconf 87' lang='lat' dir='ltr'><strong>eo</strong></span> <span class='ocrx_word' id='word_1_269' title='bbox 91 2804 156 2862; x_wconf 89' lang='lat' dir='ltr'><strong>eius</strong></span> <span class='ocrx_word' id='word_1_270' title='bbox 172 2819 236 2861; x_wconf 90' lang='lat' dir='ltr'><strong>cum</strong></span> <span class='ocrx_word' id='word_1_271' title='bbox 249 2799 336 2860; x_wconf 92' lang='lat' dir='ltr'><strong>melle</strong></span> <span class='ocrx_word' id='word_1_272' title='bbox 351 2801 449 2862; x_wconf 80' lang='lat' dir='ltr'><strong>Attico</strong></span> <span class='ocrx_word' id='word_1_273' title='bbox 463 2801 570 2860; x_wconf 88' lang='lat' dir='ltr'><strong>inuncti</strong></span> <span class='ocrx_word' id='word_1_274' title='bbox 582 2799 785 2860; x_wconf 86' lang='lat' dir='ltr'><strong>discusserunt</strong></span> <span class='ocrx_word' id='word_1_275' title='bbox 798 2800 946 2882; x_wconf 76' lang='lat' dir='ltr'><strong>caligines,</strong></span> <span class='ocrx_word' id='word_1_276' title='bbox 961 2803 1010 2862; x_wconf 87' lang='lat' dir='ltr'><strong>rel</strong></span> <span class='ocrx_word' id='word_1_277' title='bbox 1024 2819 1087 2862; x_wconf 91' lang='lat' dir='ltr'><strong>eum</strong></span> 
     </span>
     <span class='ocr_line' id='line_1_32' title="bbox 90 2882 1090 2964; baseline -0.002 -18"><span class='ocrx_word' id='word_1_278' title='bbox 90 2887 169 2946; x_wconf 88' lang='lat' dir='ltr'><strong>lacte</strong></span> <span class='ocrx_word' id='word_1_279' title='bbox 189 2883 317 2944; x_wconf 87' lang='lat' dir='ltr'><strong>mulieris</strong></span> <span class='ocrx_word' id='word_1_280' title='bbox 334 2902 452 2961; x_wconf 90' lang='lat' dir='ltr'><strong>puerum</strong></span> <span class='ocrx_word' id='word_1_281' title='bbox 467 2885 589 2958; x_wconf 81' lang='lat' dir='ltr'><strong>enixae,</strong></span> <span class='ocrx_word' id='word_1_282' title='bbox 607 2883 655 2944; x_wconf 82' lang='lat' dir='ltr'><strong>vel</strong></span> <span class='ocrx_word' id='word_1_283' title='bbox 671 2901 745 2962; x_wconf 88' lang='lat' dir='ltr'><strong>puro</strong></span> <span class='ocrx_word' id='word_1_284' title='bbox 767 2901 836 2945; x_wconf 90' lang='lat' dir='ltr'><strong>suco</strong></span> <span class='ocrx_word' id='word_1_285' title='bbox 856 2885 969 2964; x_wconf 77' lang='lat' dir='ltr'><strong>&#39;angulis</strong></span> <span class='ocrx_word' id='word_1_286' title='bbox 986 2882 1090 2944; x_wconf 61' lang='lat' dir='ltr'><strong>oculo-¹</strong></span> 
     </span>
     <span class='ocr_line' id='line_1_33' title="bbox 88 2966 1087 3046; baseline -0.004 -16"><span class='ocrx_word' id='word_1_287' title='bbox 88 2985 154 3030; x_wconf 89' lang='lat' dir='ltr'><strong>rum</strong></span> <span class='ocrx_word' id='word_1_288' title='bbox 168 2969 262 3028; x_wconf 84' lang='lat' dir='ltr'><strong>tactis.</strong></span> <span class='ocrx_word' id='word_1_289' title='bbox 286 2966 441 3045; x_wconf 89' lang='lat' dir='ltr'><strong>epiphoras</strong></span> <span class='ocrx_word' id='word_1_290' title='bbox 458 2985 521 3027; x_wconf 89' lang='lat' dir='ltr'><strong>eum</strong></span> <span class='ocrx_word' id='word_1_291' title='bbox 537 2967 652 3046; x_wconf 89' lang='lat' dir='ltr'><strong>polenta</strong></span> <span class='ocrx_word' id='word_1_292' title='bbox 666 2968 790 3046; x_wconf 88' lang='lat' dir='ltr'><strong>inposita</strong></span> <span class='ocrx_word' id='word_1_293' title='bbox 802 2967 887 3046; x_wconf 89' lang='lat' dir='ltr'><strong>lenit,</strong></span> <span class='ocrx_word' id='word_1_294' title='bbox 902 2971 969 3028; x_wconf 90' lang='lat' dir='ltr'><strong>item</strong></span> <span class='ocrx_word' id='word_1_295' title='bbox 987 2969 1087 3046; x_wconf 89' lang='lat' dir='ltr'><strong>capitis</strong></span> 
     </span>
     <span class='ocr_line' id='line_1_34' title="bbox 15 3051 1087 3130; baseline -0.004 -16"><span class='ocrx_word' id='word_1_296' title='bbox 15 3099 17 3106; x_wconf 80' lang='grc'>.</span> <span class='ocrx_word' id='word_1_297' title='bbox 89 3052 219 3113; x_wconf 82' lang='lat' dir='ltr'><strong>dolores</strong></span> <span class='ocrx_word' id='word_1_298' title='bbox 235 3059 304 3130; x_wconf 88' lang='lat' dir='ltr'><strong>puta</strong></span> <span class='ocrx_word' id='word_1_299' title='bbox 326 3068 389 3110; x_wconf 91' lang='lat' dir='ltr'><strong>cum</strong></span> <span class='ocrx_word' id='word_1_300' title='bbox 409 3052 475 3110; x_wconf 86' lang='lat' dir='ltr'><strong>vino</strong></span> <span class='ocrx_word' id='word_1_301' title='bbox 497 3061 543 3112; x_wconf 93' lang='lat' dir='ltr'><strong>aut</strong></span> <span class='ocrx_word' id='word_1_302' title='bbox 565 3069 627 3111; x_wconf 91' lang='lat' dir='ltr'><strong>cum</strong></span> <span class='ocrx_word' id='word_1_303' title='bbox 650 3060 735 3117; x_wconf 81' lang='lat' dir='ltr'><strong>aceto</strong></span> <span class='ocrx_word' id='word_1_304' title='bbox 757 3060 787 3110; x_wconf 92' lang='lat' dir='ltr'><strong>et</strong></span> <span class='ocrx_word' id='word_1_305' title='bbox 805 3067 930 3112; x_wconf 89' lang='lat' dir='ltr'><strong>rosaceo</strong></span> <span class='ocrx_word' id='word_1_306' title='bbox 950 3051 1044 3130; x_wconf 85' lang='lat' dir='ltr'><strong>inlita,</strong></span> <span class='ocrx_word' id='word_1_307' title='bbox 1062 3053 1087 3110; x_wconf 93' lang='lat' dir='ltr'><strong>si</strong></span> 
     </span>
     <span class='ocr_line' id='line_1_35' title="bbox 88 3134 1082 3213; baseline -0.003 -17"><span class='ocrx_word' id='word_1_308' title='bbox 88 3152 166 3196; x_wconf 88' lang='lat' dir='ltr'><strong>vero</strong></span> <span class='ocrx_word' id='word_1_309' title='bbox 186 3135 221 3198; x_wconf 87' lang='lat' dir='ltr'><strong>sit</strong></span> <span class='ocrx_word' id='word_1_310' title='bbox 239 3134 412 3213; x_wconf 87' lang='lat' dir='ltr'><strong>cephalaea,</strong></span> <span class='ocrx_word' id='word_1_311' title='bbox 433 3151 495 3194; x_wconf 88' lang='lat' dir='ltr'><strong>cnm</strong></span> <span class='ocrx_word' id='word_1_312' title='bbox 515 3134 605 3195; x_wconf 82' lang='lat' dir='ltr'><strong>irrina</strong></span> <span class='ocrx_word' id='word_1_313' title='bbox 627 3134 790 3195; x_wconf 87' lang='lat' dir='ltr'><strong>hordeacea</strong></span> <span class='ocrx_word' id='word_1_314' title='bbox 810 3144 838 3194; x_wconf 92' lang='lat' dir='ltr'><strong>et</strong></span> <span class='ocrx_word' id='word_1_315' title='bbox 852 3144 947 3196; x_wconf 90' lang='lat' dir='ltr'><strong>aceto.</strong></span> <span class='ocrx_word' id='word_1_316' title='bbox 981 3135 1082 3196; x_wconf 90' lang='lat' dir='ltr'><strong>eadem</strong></span> 
     </span>
     <span class='ocr_line' id='line_1_36' title="bbox 43 3218 1085 3303; baseline -0.001 -24"><span class='ocrx_word' id='word_1_317' title='bbox 43 3243 79 3286; x_wconf 75' lang='lat'><strong>35</strong></span> <span class='ocrx_word' id='word_1_318' title='bbox 90 3219 249 3280; x_wconf 87' lang='lat' dir='ltr'><strong>cruditates</strong></span> <span class='ocrx_word' id='word_1_319' title='bbox 265 3219 380 3280; x_wconf 87' lang='lat' dir='ltr'><strong>discutit</strong></span> <span class='ocrx_word' id='word_1_320' title='bbox 396 3235 464 3277; x_wconf 89' lang='lat' dir='ltr'><strong>mox</strong></span> <span class='ocrx_word' id='word_1_321' title='bbox 481 3227 509 3278; x_wconf 90' lang='lat' dir='ltr'><strong>et</strong></span> <span class='ocrx_word' id='word_1_322' title='bbox 525 3219 697 3295; x_wconf 78' lang='lat' dir='ltr'><strong>nudationes,</strong></span> <span class='ocrx_word' id='word_1_323' title='bbox 717 3219 836 3280; x_wconf 89' lang='lat' dir='ltr'><strong>doleres</strong></span> <span class='ocrx_word' id='word_1_324' title='bbox 851 3218 990 3303; x_wconf 88' lang='lat' dir='ltr'><strong>stomachi</strong></span> <span class='ocrx_word' id='word_1_325' title='bbox 1004 3228 1085 3280; x_wconf 85' lang='lat' dir='ltr'><strong>rete·</strong></span> 
     </span>
     <span class='ocr_line' id='line_1_37' title="bbox 88 3302 1126 3381; baseline 0.003 -17"><span class='ocrx_word' id='word_1_326' title='bbox 88 3321 151 3364; x_wconf 87' lang='lat' dir='ltr'><strong>res.</strong></span> <span class='ocrx_word' id='word_1_327' title='bbox 179 3302 282 3362; x_wconf 82' lang='lat' dir='ltr'><strong>volvas</strong></span> <span class='ocrx_word' id='word_1_328' title='bbox 299 3305 392 3381; x_wconf 90' lang='lat' dir='ltr'><strong>aperit</strong></span> <span class='ocrx_word' id='word_1_329' title='bbox 408 3303 584 3381; x_wconf 79' lang='lat' dir='ltr'><strong>corrigitque</strong></span> <span class='ocrx_word' id='word_1_330' title='bbox 599 3320 756 3362; x_wconf 89' lang='lat' dir='ltr'><strong>conversas</strong></span> <span class='ocrx_word' id='word_1_331' title='bbox 771 3303 874 3363; x_wconf 91' lang='lat' dir='ltr'><strong>inlita</strong></span> <span class='ocrx_word' id='word_1_332' title='bbox 865 3322 893 3363; x_wconf 92' lang='lat' dir='ltr'><strong>m</strong></span> <span class='ocrx_word' id='word_1_333' title='bbox 908 3303 995 3362; x_wconf 87' lang='lat' dir='ltr'><strong>melle</strong></span> <span class='ocrx_word' id='word_1_334' title='bbox 1005 3313 1066 3365; x_wconf 88' lang='lat' dir='ltr'><strong>tota</strong></span> <span class='ocrx_word' id='word_1_335' title='bbox 1076 3311 1126 3369; x_wconf 85' lang='grc'><strong>136</strong></span> 
     </span>
     <span class='ocr_line' id='line_1_38' title="bbox 18 3385 1111 3464; baseline 0.002 -20"><span class='ocrx_word' id='word_1_336' title='bbox 18 3437 22 3444; x_wconf 90' lang='grc'><em>,</em></span> <span class='ocrx_word' id='word_1_337' title='bbox 89 3396 196 3448; x_wconf 87' lang='lat' dir='ltr'><strong>ventre</strong></span> <span class='ocrx_word' id='word_1_338' title='bbox 212 3395 243 3446; x_wconf 90' lang='lat' dir='ltr'><strong>et</strong></span> <span class='ocrx_word' id='word_1_339' title='bbox 258 3395 388 3464; x_wconf 91' lang='lat' dir='ltr'><strong>pectore</strong></span> <span class='ocrx_word' id='word_1_340' title='bbox 420 3385 586 3463; x_wconf 74' lang='lat' dir='ltr'><strong>hydropicis</strong></span> <span class='ocrx_word' id='word_1_341' title='bbox 603 3405 665 3446; x_wconf 87' lang='lat' dir='ltr'><strong>curu</strong></span> <span class='ocrx_word' id='word_1_342' title='bbox 681 3386 737 3446; x_wconf 86' lang='lat' dir='ltr'><strong>lico</strong></span> <span class='ocrx_word' id='word_1_343' title='bbox 755 3396 784 3446; x_wconf 91' lang='lat' dir='ltr'><strong>et</strong></span> <span class='ocrx_word' id='word_1_344' title='bbox 805 3387 928 3448; x_wconf 86' lang='lat' dir='ltr'><strong>decocta</strong></span> <span class='ocrx_word' id='word_1_345' title='bbox 949 3387 985 3447; x_wconf 92' lang='lat' dir='ltr'><strong>ad</strong></span> <span class='ocrx_word' id='word_1_346' title='bbox 1006 3387 1111 3448; x_wconf 88' lang='lat' dir='ltr'><strong>dimi·</strong></span> 
     </span>
     <span class='ocr_line' id='line_1_39' title="bbox 88 3469 1085 3550; baseline 0 -20"><span class='ocrx_word' id='word_1_347' title='bbox 88 3469 155 3530; x_wconf 90' lang='lat' dir='ltr'><strong>dias</strong></span> <span class='ocrx_word' id='word_1_348' title='bbox 170 3473 260 3549; x_wconf 86' lang='lat' dir='ltr'><strong>partis</strong></span> <span class='ocrx_word' id='word_1_349' title='bbox 276 3477 402 3550; x_wconf 85' lang='lat' dir='ltr'><strong>potaque</strong></span> <span class='ocrx_word' id='word_1_350' title='bbox 417 3487 454 3530; x_wconf 86' lang='lat' dir='ltr'><strong>ex</strong></span> <span class='ocrx_word' id='word_1_351' title='bbox 469 3472 545 3530; x_wconf 83' lang='lat' dir='ltr'><strong>uine.</strong></span> <span class='ocrx_word' id='word_1_352' title='bbox 568 3472 611 3530; x_wconf 91' lang='lat' dir='ltr'><strong>sic</strong></span> <span class='ocrx_word' id='word_1_353' title='bbox 622 3469 727 3530; x_wconf 93' lang='lat' dir='ltr'><strong>bibitur</strong></span> <span class='ocrx_word' id='word_1_354' title='bbox 738 3479 767 3530; x_wconf 89' lang='lat' dir='ltr'><strong>et</strong></span> <span class='ocrx_word' id='word_1_355' title='bbox 778 3470 815 3532; x_wconf 94' lang='lat' dir='ltr'><strong>ad</strong></span> <span class='ocrx_word' id='word_1_356' title='bbox 827 3472 955 3549; x_wconf 88' lang='lat' dir='ltr'><strong>pectoris</strong></span> <span class='ocrx_word' id='word_1_357' title='bbox 967 3470 1085 3532; x_wconf 86' lang='lat' dir='ltr'><strong>dolores</strong></span> 
     </span>
    </p>
   </div>
   <div class='ocr_carea' id='block_1_3' title="bbox 136 3555 923 3664">
    <p class='ocr_par' dir='ltr' id='par_1_3' title="bbox 136 3555 923 3664">
     <span class='ocr_line' id='line_1_40' title="bbox 136 3555 923 3664; baseline 0.006 -52"><span class='ocrx_word' id='word_1_358' title='bbox 136 3558 429 3664; x_wconf 34' lang='lat' dir='ltr'><strong>nuru.unr.u1sr.xlll.</strong></span> <span class='ocrx_word' id='word_1_359' title='bbox 450 3569 454 3578; x_wconf 84' lang='grc'><em>·</em></span> <span class='ocrx_word' id='word_1_360' title='bbox 789 3657 791 3664; x_wconf 18' lang='lat' dir='ltr'>y</span> <span class='ocrx_word' id='word_1_361' title='bbox 884 3555 923 3617; x_wconf 89' lang='grc'><strong>14</strong></span> 
     </span>
    </p>
   </div>
   <div class='ocr_carea' id='block_1_4' title="bbox 0 0 1280 3866">
    <p class='ocr_par' dir='ltr' id='par_1_4' title="bbox 0 0 1280 3866">
     <span class='ocr_line' id='line_1_41' title="bbox 0 0 1280 3866; baseline 0 4"><span class='ocrx_word' id='word_1_362' title='bbox 0 0 1280 3866; x_wconf 95' lang='lat' dir='ltr'><strong> </strong></span> 
     </span>
    </p>
   </div>
  </div>
 </body>
</html>
