2512 3858
291 217 296 228 ·
321 200 405 269 nnn,
424 219 515 269 men.
535 218 606 272 xvr.
629 205 887 294 7—1o.1(9-1o.)
1076 217 1095 277 9

164 374 247 454 (13.)
278 373 431 434 Galliarum
451 374 633 452 glandiferae
652 391 783 436 maxume
795 377 923 438 arbores
944 383 1089 458 agaricum
1102 393 1137 447 33

96 461 207 524 lerunt.
222 465 283 518 ·est
301 467 394 518 autern
416 459 521 535 fungus
537 457 693 535 candidus,
710 459 865 536 odoratus,
883 463 1015 526 antidotis
1032 466 1094 526 eld-

98 563 174 620 cax,
194 542 223 601 iu
238 543 353 602 summis
368 541 518 602 arboribus
534 559 674 618 nascens,
698 551 785 602 noete
803 543 947 610 relucens.
985 550 1095 626 signum

6 629 7 632 ’
97 629 159 688 boc
174 627 247 701 eius,
265 642 323 702 quo
334 627 363 685 in
377 625 503 686 tenebris
519 625 693 703 decerpitur.
722 625 747 686 ll
761 627 932 706 glandiferis
943 629 1006 691 sola
1021 651 1096 711 quae

74 718 222 771 evocatur
238 708 373 794 aegilops
394 710 451 770 lert
474 726 584 788 pannos
600 711 724 784 arentis,
747 728 882 772 muscoso
904 711 974 774 villo
996 733 1094 792 canos,

6 867 7 870 Ἴ
98 811 159 854 non
173 796 202 852 in
220 793 428 854 corticemodo
442 811 542 854 verurn
557 802 586 853 et
602 795 719 853 eremis
734 792 924 873 dependentis
939 797 1056 858 cubitali
1068 823 1138 865 raros

6 879 7 884 ’
98 877 311 955 magnitudine,
334 877 489 954 odoratos,
508 885 540 936 ut
560 875 681 938 diximus
704 878 779 938 inter
798 889 953 956 unguenta.
990 881 1139 946 suberies

90 965 222 1035 minuma
238 960 334 1037 arbor,
350 961 433 1038 glans
449 977 595 1039 pessuma,
616 977 693 1037 rara,
709 971 812 1024 cortex
827 971 932 1024 tautum
948 964 1096 1040 infructu,

6 1043 7 1058 ¹
99 1061 292 1126 praeeramus
303 1062 339 1105 ao
352 1062 512 1106 renascens
523 1053 608 1123 atque
620 1044 705 1104 etiarn
717 1045 746 1104 in
760 1046 852 1106 denos
863 1047 956 1126 pedes
971 1048 1097 1127 undique

67 1129 284 1209 roexplanatas.
314 1146 382 1193 usus
407 1130 469 1188 eius
491 1127 675 1188 ancoralibus
693 1137 825 1190 maxume
845 1131 958 1192 navium
983 1133 1096 1212 pisoau·
1131 1169 1133 1173 -

98 1217 228 1291 tiumque
243 1212 365 1290 tragulis
386 1221 415 1272 et
435 1210 573 1273 cadorum
590 1213 814 1290 opturamentis,
835 1225 990 1293 praeterea
1009 1216 1038 1275 in
1054 1215 1095 1276 bi-

99 1298 193 1359 berno
211 1296 378 1356 feminarum
398 1295 530 1357 calciatu.
553 1295 748 1374 quemobrem
767 1315 825 1358 non
844 1298 969 1361 infacete
992 1299 1097 1360 Graeci

99 1383 230 1442 cortices
244 1380 378 1440 arborem
392 1380 552 1459 appellant.
583 1380 698 1448 suntet
720 1382 768 1460 qui
778 1381 917 1444 deminum
930 1384 1026 1444 ilicem
1045 1379 1096 1445 vo

101 1473 292 1543 cantatque,
315 1463 362 1524 nbi
378 1480 436 1524 uon
455 1465 583 1524 nascitur
598 1463 674 1540 ilex,
696 1482 750 1542 pro
765 1483 800 1526 ea
815 1466 921 1528 subere
939 1477 1052 1528 utantur
1068 1469 1097 1528 in
1142 1489 1147 1492 ·
1249 1485 1250 1490 ¹

69 1571 94 1611 ra
101 1549 293 1628 carpentariis
307 1549 467 1627 praecipue
482 1548 616 1622 fabricis,
631 1556 662 1606 ut
676 1549 753 1608 circa
770 1547 844 1609 Elim
858 1559 887 1612 et
902 1549 1094 1613 bacedaemo·
1133 1601 1143 1610 ,
1175 1575 1179 1584 ·

6 1623 7 1704 J
100 1651 175 1709 nem.
209 1649 265 1691 nec
276 1633 305 1692 in
319 1631 400 1694 ltalia
411 1640 472 1692 tota
486 1633 613 1692 nascitur
627 1640 675 1690 aut
693 1633 722 1692 in
736 1629 831 1692 Gallia
847 1635 969 1696 omnino.

163 1717 195 1778 9.
217 1716 300 1793 (14.)
325 1713 436 1778 Cortex
452 1716 581 1794 stirpis,
596 1715 692 1790 tiliae,
710 1714 809 1790 abieti,
825 1718 927 1792 piceae
949 1720 977 1776 in
991 1721 1138 1794 magneti

100 1819 155 1862 usn
171 1801 338 1878 agrestium.
369 1817 439 1860 vasa
451 1799 607 1878 sorbisque
618 1815 654 1858 ac
665 1797 829 1878 patentiora
844 1799 984 1878 quaedam
996 1802 1096 1860 messi-

101 1886 155 1947 bus
172 1883 369 1945 convehendis
382 1883 592 1961 vindemiisque
601 1882 709 1944 iaciunt
724 1890 810 1961 atque
822 1891 953 1962 protecta
970 1883 1095 1961 tugurio·

68 1987 174 2032 rorum.
203 1965 303 2028 scribit
319 1969 352 2026 in
369 1967 482 2026 recenti
499 1967 534 2026 ad
552 1965 640 2027 duces
657 1967 827 2046 explorator
841 1967 972 2028 incidens
987 1967 1097 2028 litteras

6 2055 8 2110 Ι
102 2069 217 2115 asuco.
255 2067 312 2110 nee
331 2065 389 2108 non
408 2056 438 2107 et
459 2048 487 2108 in
503 2048 626 2126 quodam
638 2067 691 2108 usu
706 2067 853 2122 sacrorum
875 2051 1030 2130 religiosus
1052 2059 1096 2112 est

6 2153 7 2206 ῑ
101 2137 162 2214 lagi
177 2143 291 2194 cortex.
322 2129 540 2210 sednondurat
555 2130 728 2210 arboripsa.
807 2199 809 2202 ,
1191 2131 1193 2144 “

168 2219 218 2279 10.
242 2217 327 2296 (15.)
358 2212 503 2276 Scandula
523 2232 539 2273 e
560 2213 668 2274 robore
684 2216 846 2292 aptissima,
873 2232 940 2276 mox
955 2235 972 2276 e
987 2217 1138 2293 glandi-36

100 2305 175 2365 ieris
190 2301 255 2362 aliis
269 2301 408 2378 iugoque,
424 2296 559 2360 facillima
577 2315 615 2358 ex
627 2297 756 2358 omnibus
770 2317 843 2377 quae
854 2299 978 2358 resinam
991 2299 1096 2376 lerunt,

71 2388 156 2450 cased
179 2387 305 2445 minume
328 2384 434 2445 durans
456 2391 658 2461 praeterquam
679 2401 696 2445 e
718 2384 795 2461 pino,
835 2381 978 2443 Scandula
999 2392 1096 2442 eonte-

65 2459 67 2472 '
104 2482 179 2533 cmm
193 2468 285 2532 luisse
307 2467 426 2530 Romam
446 2465 481 2526 ad
496 2466 597 2541 Pyrrhi
618 2484 710 2545 usque
723 2467 830 2528 bellum
846 2467 925 2527 annis
942 2478 1098 2528 dccccxx

6 2567 7 2570 ’
104 2554 260 2618 cornelius
278 2551 379 2630 Nepos
398 2559 573 2610 auctorest.
606 2549 742 2610 silvarum
763 2560 844 2612 certe
867 2550 1094 2628 distinguebatur
1104 2557 1138 2614 37

104 2637 279 2716 insignibus:
306 2633 522 2718 Fagutalilove
538 2635 622 2694 etiam
643 2651 716 2693 nuuc
737 2634 784 2694 ubi
807 2635 889 2695 lucus
913 2634 1016 2712 fageus
1035 2634 1097 2710 luit,

97 2731 189 2803 ‚porta
198 2718 442 2798 Querquetulana,
459 2717 537 2776 nolle
548 2717 577 2775 in
589 2734 674 2796 quern
685 2717 787 2778 vimina
802 2718 984 2796 petebantur,
997 2727 1097 2797 totque

70 2807 196 2881 solacis,
221 2803 388 2881 quibusdam
406 2809 435 2860 et
457 2799 590 2878 geminis.
624 2799 660 2873 Q.
678 2797 847 2861 Hortensius
867 2802 1005 2875 dictator,
1034 2818 1098 2860 oum

104 2890 191 2970 plebs
212 2887 388 2947 secessisset
406 2885 435 2944 in
454 2881 627 2958 Ianiculum,
648 2883 745 2958 legem
758 2885 787 2943 in
801 2885 950 2945 aesculeto
966 2883 1045 2957 tulit,
1068 2892 1098 2942 ut

106 2974 184 3052 quod
203 2989 239 3032 ea
254 2971 386 3031 iussisset
398 2968 488 3028 omnis
505 2965 631 3039 Quirites
649 2975 771 3027 terreret.

172 3055 263 3134 (16.)¹
288 3053 463 3128 Peregrinae
489 3061 547 3110 tum
573 3048 755 3125 videbantur,
782 3050 912 3128 quoniam
937 3066 994 3112 nou
1015 3057 1140 3113 erantne

107 3139 302 3214 suburbanae,
319 3137 401 3216 pirrus
413 3143 499 3212 atque
512 3131 593 3192 abies
606 3149 762 3212 omnesque
777 3151 851 3212 quae
863 3134 957 3212 picem
968 3131 1097 3209 gignunt,

75 3226 145 3288 arde
161 3223 265 3302 quibus
280 3239 354 3282 nunc
369 3219 515 3292 dicemus,
536 3215 620 3276 simul
643 3225 673 3276 ut
689 3226 747 3278 tota
766 3217 917 3277 condiendi
931 3216 995 3274 vina
1013 3215 1097 3294 origo

110 3315 315 3386 cognoscatur.
345 3302 427 3376 Quae
447 3300 557 3360 ferrent
576 3302 604 3361 in
619 3298 688 3360 Asia
709 3310 757 3361 aut
772 3300 882 3360 oriente
899 3297 1055 3378 praedictis
1067 3323 1096 3367 u,
1117 3325 1141 3359 υ

111 3393 205 3472 picem
231 3390 260 3448 in
283 3386 401 3464 Europa
425 3401 479 3444 sex
498 3401 606 3460 genera
635 3393 819 3460 cognatarum
839 3383 972 3443 arborum
995 3382 1098 3445 lerunt.

111 3493 150 3536 ex
164 3475 208 3535 lris
223 3473 307 3556 pinus
321 3478 406 3548 atque
423 3466 552 3548 pinaster
567 3467 666 3528 lolium
679 3467 785 3528 babent
803 3467 993 3546 capillamenti
1013 3465 1098 3526 ruodo

122 3777 132 3806 d
