2534 3866
263 210 268 282 s
293 264 294 267 ,
336 200 847 307 usn.1s1sn.xv11.'1e.(ao-3o.)
1043 221 1084 310 69

96 373 190 443 autem
206 381 334 441 oleaster
350 381 459 440 calamo
475 391 504 442 et
520 383 721 442 inoculatione.
761 385 800 462 [a]
823 383 897 446 Olea
913 387 1126 466 ubinam-130

97 484 146 526 cus
170 465 278 524 effossa
300 466 337 523 sit
356 464 431 525 male
454 467 583 543 ponitur,
612 467 745 543 quoniam
770 485 882 527 vermes
908 471 954 546 qui
975 489 1083 532 raucae
1177 540 1179 544 ,

94 545 235 610 uocantur
251 549 280 606 in
294 547 393 607 radice
408 566 532 627 quercus
552 551 705 608 nascuntur
726 558 755 608 et
774 557 931 610 transeunt.
961 551 1026 611 llon
1041 556 1082 614 in·

95 635 212 693 humare
223 631 319 691 taleas
328 641 375 690 aut
387 632 500 692 siccare
510 634 589 710 prius
603 649 687 710 quam
704 642 835 692 serantur
847 635 942 694 utilius
961 652 1082 714 conper-

77 727 164 776 stum.
196 715 289 774 Vetus
303 713 439 774 olivetum
454 714 490 800 alr
506 715 688 794 aequinoctio
706 732 796 775 verno
816 718 889 776 intra
902 717 1085 794 vergiliarum

96 809 229 860 exortum
247 798 382 858 interradi
398 795 515 858 alternis
533 799 612 859 annis
635 798 738 858 melius
757 799 921 876 inventum,
937 801 1006 861 item
1026 819 1084 860 mu-

96 902 175 944 scum
197 881 373 942 circumdare
390 882 496 956 radici,
519 881 687 942 circumfodi
707 891 800 942 autern
816 883 946 943 omnibus
968 886 1085 944 annisa

96 968 219 1028 solstitio
233 965 317 1025 duum
340 964 499 1024 cubitorum
520 965 627 1024 scrobe
642 965 737 1048 pedali
753 965 910 1042 altitudine,
927 969 1085 1028 stercorari
1112 1039 1114 1042 Ι

96 1052 181 1112 tertio
203 1065 285 1109 anno.
321 1048 360 1126 [4]
382 1046 468 1124 llago
491 1047 566 1106 idem
588 1048 752 1124 amygdalas
773 1049 808 1110 alr
831 1048 938 1110 occasu
958 1052 1063 1110 arcturi
1077 1060 1127 1114 131

69 1135 132 1196 road
147 1133 276 1193 brumam
290 1133 349 1214 seri
361 1129 527 1208 iubet,'pira
542 1147 599 1189 non
615 1131 862 1211 eodemtempore
874 1124 977 1209 omnia,
996 1151 1084 1212 quon·

15 1275 17 1290 ,
97 1221 151 1279 iam
162 1234 220 1276 non
232 1232 325 1292 aeque
339 1214 471 1290 floreant,
485 1213 585 1274 eadem
598 1214 724 1292 oblonga
735 1224 782 1276 aut
795 1217 916 1277 rotunda
929 1215 965 1276 ab
978 1234 1085 1276 occasu

15 1336 16 1346 κ
99 1301 281 1379 vergiliarum
297 1298 334 1358 ad
349 1295 491 1374 brumam,
513 1299 624 1376 reliqua
639 1315 748 1374 genera
759 1299 853 1359 media
866 1299 960 1360 hieme
971 1301 1014 1360 ‘ab
1035 1311 1106 1361 oc*

15 1401 17 1458 l
100 1404 168 1446 casu
184 1384 319 1460 sagittae,
337 1381 521 1442 subsolanum
542 1390 590 1440 aut
611 1383 823 1459 septentriones
838 1385 1009 1462 spectantia,
1025 1383 1084 1442 lau·
1109 1426 1111 1430 .
1158 1414 1163 1430 =

99 1488 160 1530 rum
176 1468 211 1528 ab
229 1483 336 1526 occasu
350 1464 463 1544 aquilae
479 1465 514 1526 ad
529 1482 665 1539 occasum
675 1467 806 1542 sagittae.
835 1483 947 1526 conexa
962 1469 1036 1526 enim
1048 1467 1093 1529 de'

15 1605 17 1634 ,
72 1563 230 1630 intempore
246 1549 360 1608 serendi
375 1565 467 1626 aeque
484 1549 558 1608 ratio
573 1557 626 1607 est.
652 1548 730 1607 Vere
742 1558 770 1608 et
782 1557 913 1609 autumno
925 1549 953 1608 id
964 1567 1066 1627 magna
1076 1555 1127 1612 131

101 1651 137 1696 ex
150 1644 233 1714 parte
249 1633 311 1691 lieri
327 1632 497 1691 decrevere.
527 1640 574 1710 est
593 1640 621 1690 et
637 1629 693 1689 alia
709 1631 780 1690 hora
796 1633 873 1692 circa
892 1635 975 1691 canis
992 1642 1083 1706 ortus,

100 1716 283 1798 paucioribus
305 1724 388 1789 nota,
407 1712 539 1792 quoniam
560 1731 617 1773 non
638 1713 767 1771 omnibus
787 1712 860 1772 locis
880 1717 989 1792 pariter
1009 1714 1085 1773 utilis

100 1800 291 1876 intellegitur,
312 1797 364 1858 sed
384 1797 452 1856 haut
474 1797 626 1857 omittenda
647 1795 730 1857 nolris
754 1813 811 1855 non
835 1805 943 1856 tractus
964 1797 1084 1856 alicuius

100 1887 240 1945 rationem
253 1899 353 1940 verum
366 1876 484 1938 naturae
506 1881 592 1939 totius
614 1879 822 1956 indagantibus.
857 1879 889 1942 ln
904 1878 1064 1955 Cyrenaica
1077 1887 1127 1942 133

71 1970 222 2046 roregione
237 1965 291 2025 sub
308 1965 459 2023 etesiarum
474 1961 541 2020 llatu
557 1973 722 2037 conserunt,
735 1981 790 2022 nec
802 1981 858 2023 non
870 1972 900 2023 et
913 1965 941 2022 in
952 1962 1083 2036 Graecia,
1147 1987 1149 1999 ·

102 2054 196 2112 oleam
220 2063 350 2108 maxuma
372 2048 400 2105 in
416 2045 549 2106 Laconia.
581 2043 658 2104 Coos
676 2046 780 2106 insula..
792 2056 821 2105 et
841 2047 906 2106 vitis
921 2056 988 2107 tunc
1003 2047 1088 2122 serit,

73 2201 74 2207 ἵ
104 2135 193 2196 ceteri
209 2130 284 2210 apud
298 2127 426 2190 Graecos
440 2126 588 2187 inoculare
605 2137 634 2186 et
648 2129 777 2187 inserere
792 2147 849 2188 non
869 2128 1010 2204 dubitant,
1028 2128 1084 2211 sed

103 2218 223 2280 arbores
239 2229 296 2274 non
311 2220 417 2270 serunt.
446 2211 660 2288 plurumumque
677 2211 706 2269 in
721 2225 756 2268 eo
769 2209 898 2269 locorum
909 2209 1007 2268 natura
1021 2211 1083 2286 pol·
1099 2223 1100 2226 ’
1187 2261 1195 2280 ,

103 2304 152 2362 let.
186 2314 308 2376 namque
331 2295 360 2353 in
375 2295 512 2372 Aegypto
534 2295 608 2352 omni
629 2301 727 2351 serunt
747 2309 845 2352 mense
865 2301 894 2350 et
914 2289 1086 2367 ubicumque

15 2373 16 2382 ’
72 2385 209 2445 unimores
227 2380 328 2440 aestivi
343 2386 423 2452 suut,
440 2386 468 2437 at
484 2378 511 2435 in
526 2375 604 2436 India
622 2385 650 2435 et
665 2376 821 2454 Aethiopia
836 2374 1006 2434 necessario
1020 2381 1086 2450 post

15 2457 17 2474 '
102 2470 176 2528 naec
202 2473 333 2524 autumno
360 2469 491 2520 seruntur
515 2459 646 2519 arborea.
686 2458 725 2537 [5]
754 2476 824 2536 ergo
850 2459 904 2518 tria
930 2456 1128 2535 temperarat
1160 2532 1163 2542 ‚

104 2551 207 2612 eadem
226 2544 453 2623 germinationis,
475 2561 527 2602 ver
548 2552 578 2601 et
597 2543 674 2602 canis
697 2544 859 2619 arcturique
874 2549 962 2601 ortus.
992 2549 1086 2618 neque

105 2636 180 2694 enim
202 2628 360 2690 animalium
381 2635 486 2686 tantum
512 2635 557 2684 est
581 2625 616 2686 ad
642 2625 733 2684 coitus
759 2625 895 2697 ariditas,
915 2623 975 2684 sed
999 2623 1086 2683 multo

15 2766 16 2776 ,
104 2718 198 2776 maior
214 2721 259 2772 est
272 2720 367 2770 terrae
383 2727 418 2769 ac
439 2715 565 2786 satorum
581 2708 703 2767 omnium
725 2706 830 2782 libido,
848 2707 1088 2784 qua‘tampestive

72 2801 148 2860 acuti
163 2799 320 2876 plurumum
333 2795 453 2852 interest
466 2797 638 2865 conceptus,
660 2789 807 2866 peculiare
828 2791 924 2866 utique
940 2791 967 2846 in
984 2788 1086 2857 insitis,

107 2899 171 2942 cum
188 2881 331 2938 sitmutua
347 2875 486 2953 cupiditas
502 2872 642 2948 utrimque
658 2869 788 2930 coeundi.
810 2869 865 2944 Qui
879 2889 933 2930 rer
947 2869 1067 2948 proliant
1080 2877 1129 2930 135

107 2966 144 3025 alr
160 2961 344 3040 aequinoctio
365 2959 457 3017 statim
476 2955 637 3029 admittunt,
660 2953 858 3031 praedicantes
880 2953 1008 3029 germina
1024 2968 1088 3027 par-

106 3049 213 3120 turire,
229 3043 295 3115 ideo
311 3040 405 3100 iacilis
420 3040 557 3098 corticum
572 3053 638 3094 esse
656 3036 823 3114 conplexus.
855 3037 902 3114 qui
923 3033 1105 3112 praeierunt

107 3139 269 3191 autumnum
287 3125 323 3185 alr
340 3124 445 3182 arcturi
459 3131 539 3195 ortu,
560 3119 691 3198 quoniam
706 3119 798 3178 statim
813 3119 938 3178 radicem
952 3115 1090 3194 quandam

15 3231 17 3314 p
74 3235 98 3276 os
109 3213 225 3290 capiant
239 3218 272 3268 et
285 3207 384 3267 adver
399 3213 496 3282 parata
510 3203 624 3262 ueniant
639 3211 724 3279 atque
736 3219 791 3262 non
807 3203 935 3278 protinus
949 3199 1088 3276 germina·

108 3299 150 3356 tio
166 3293 277 3357 auferat
290 3290 367 3347 uiris.
400 3285 545 3360 Quaedam
567 3294 659 3349 umen
681 3293 811 3345 statutum
831 3291 941 3363 tempus
962 3283 1088 3344 anni‘ha·

15 3375 17 3430 l
109 3380 180 3438 bent
194 3375 315 3450 ubique,
336 3379 366 3428 ut
384 3371 475 3429 cerasi
492 3377 520 3426 et
535 3367 702 3444 amygdalae
720 3369 796 3426 circa
811 3365 952 3442 brumam,
969 3360 1090 3426 ¹serendi

15 3449 16 3502 ἶ
107 3460 160 3518 uel
181 3453 334 3516 inserendi.
371 3452 407 3511 de
426 3450 554 3530 pluribus
569 3451 698 3511 locorum
717 3452 787 3510 situs
809 3457 924 3527 optume
946 3449 1087 3508 iudicabit.

15 2221 17 2360 l
