2552 3866
191 181 250 243 142
529 193 558 242 o.
575 195 669 242 nunu
685 193 834 242 suenum

147 349 437 424 tffloccidens-,ct
448 348 536 408 multo
548 349 638 407 minus
654 346 837 425 plenilunium
848 348 986 408 incidere
1003 348 1042 426 [t]
1056 360 1121 407 1111.
1130 367 1182 408 uo-

188 449 241 490 nas
257 430 351 492 lunias
367 433 468 492 iterum
481 431 577 519 aquila
593 431 721 491 exoritur
734 432 863 511 vesperi,
882 431 1049 492 decretorio
1066 432 1112 491 die
1128 433 1181 492 llo·

189 515 317 576 rentibus
333 516 406 574 oleis
421 503 594 592 vitibusque,
610 533 634 573 su
627 513 852 594 plenilunium
844 532 872 574 m
888 531 951 574 eum
966 515 1080 574 incidat
1101 518 1181 594 equi·

189 600 253 658 dem
277 609 305 658 et
327 599 477 660 solstitium
492 612 565 658 vnn.
583 597 642 658 lral.
657 596 709 656 lul.
727 598 811 657 simili
829 617 917 658 causa
937 598 1066 658 duxerim
1089 608 1118 658 et
1134 618 1181 659 ca·

188 685 231 741 nis
252 692 344 742 ortum
365 692 432 760 post
451 683 513 742 dies
538 681 695 741 asolstitio
718 695 825 758 xx111,
856 682 908 741 sed
928 682 1081 742 interlunio
1104 685 1208 743 acci-⁵

188 766 291 843 dente,
315 767 447 846 quoniam
466 782 576 845 vapore
599 774 711 824 constat
732 765 818 844 culpa
840 767 973 844 acinique
1000 784 1179 845 praecocun-

187 859 231 909 tur
242 851 274 909 in
289 851 401 912 callum.
424 868 524 909 rursus
542 848 726 929 plenilunium
741 857 829 908 nocet
846 867 871 908 a.
886 848 913 908 d.
929 861 992 910 1111.
1009 866 1099 910 nonas
1113 849 1180 927 lul.,

188 952 251 993 cum
268 933 406 1012 Aegypto
430 933 559 994 canicula
581 933 726 1007 exoritur,
750 931 798 990 vel
818 941 899 991 certe
922 947 992 997 xvu.
1009 933 1066 994 kal.
1082 933 1179 1010 Augu·

188 1027 263 1092 stas,
297 1036 360 1077 cum
390 1016 510 1093 ltaliae,
540 1018 608 1077 item
628 1028 703 1076 x111.
724 1015 782 1075 lral.
808 1014 971 1093 Augustas,
1002 1035 1064 1077 cum
1085 1018 1181 1095 aquila

145 1111 196 1166 289
206 1102 321 1176 occidit,
338 1104 468 1180 usquein
485 1115 518 1162 x.
531 1100 671 1160 kalendas
689 1099 814 1159 easdem.
833 1100 980 1160 extrahas
997 1118 1098 1160 causas
1113 1109 1180 1159 sunt
1190 1117 1216 1156 ao

186 1186 298 1245 Vinalia
320 1183 428 1261 altera,-
460 1203 533 1265 quae
555 1193 675 1261 aguntur
699 1199 723 1242 u.
741 1183 767 1242 d.
784 1196 871 1242 xml.
888 1183 1036 1254 kalendas
1048 1185 1180 1262 Septem-

188 1269 256 1329 bris.
286 1269 380 1329 Varro
396 1286 431 1329 ca
447 1268 562 1330 fidicula
577 1268 733 1345 incipiente
747 1267 885 1327 cocidere
900 1285 983 1327 mane
999 1268 1179 1342 determinat,

188 1353 265 1435 quod
280 1352 343 1412 volt
356 1354 462 1411 initium
478 1352 601 1411 autumni
621 1369 687 1409 esse
706 1358 735 1408 et
755 1348 830 1409 huuc
848 1350 923 1410 diem
944 1352 1048 1411 festum
1069 1360 1179 1432 tempe·

188 1436 307 1497 statibus
320 1435 460 1496 leniendis
475 1436 639 1494 institutum.
663 1451 737 1492 nuno
752 1432 894 1494 fidiculam
912 1435 1047 1496 occidere
1062 1453 1088 1494 a
1095 1435 1177 1494 d.v1

145 1522 266 1584 occidus
282 1519 426 1596 Augustas
443 1527 582 1578 servatur.
604 1517 644 1595 [5]
661 1516 736 1576 lutra
752 1516 825 1576 haec
841 1527 952 1578 cunstat
970 1518 1106 1578 caelestis
1120 1527 1213 1576 ste-1⁵

177 1605 278 1663 uilitas
286 1621 410 1686 ,neque
425 1602 591 1681 negaverim
605 1617 694 1679 posse
711 1618 774 1660 eam
787 1610 950 1679 permutare
966 1603 1120 1679 algentium
1135 1601 1177 1659 lo·

189 1704 286 1748 corum
311 1696 341 1746 et
365 1687 552 1748 aestuantium
571 1693 694 1745 naturas.
727 1694 757 1744 et
770 1703 787 1744 u
801 1685 886 1746 nobis
903 1687 1042 1755 rationem
1061 1685 1177 1745 demon·

189 1780 303 1831 stratam
321 1789 388 1831 esse
414 1772 483 1831 satis
508 1778 568 1845 est,
598 1769 709 1847 reliqua
725 1769 928 1831 observatione
950 1772 1086 1848 cuiusque
1109 1787 1176 1828 con·

189 1855 311 1915 stabunt.
343 1854 508 1914 alterutrum
531 1852 756 1931 quidemiore
748 1871 776 1911 m
798 1871 900 1928 causa,
922 1853 979 1912 boc
994 1861 1039 1914 est
1055 1852 1176 1931 plenilu-

146 1949 196 2002 291
209 1939 283 1996 nium
304 1945 351 1995 aut
370 1937 565 2011 interlunium,
590 1953 647 1995 non
668 1937 721 1995 erit
738 1936 862 1996 dubium.
902 1945 930 1995 et
949 1938 976 1995 in
1001 1937 1058 1996 boc
1079 1937 1212 1996 mirarito

188 2020 392 2096 benignitatem
413 2029 529 2080 naturae
550 2021 709 2097 succurrit,
734 2021 789 2080 iatn
811 2021 931 2097 primum
955 2020 1029 2080 hanc
1050 2021 1177 2080 iniuriam
1274 2027 1275 2082 l

189 2102 317 2162 omnibus
343 2103 422 2163 anuis
448 2105 582 2164 accidere
603 2121 660 2163 non
676 2119 765 2181 posse
791 2113 912 2181 propter
937 2113 1028 2163 statos
1053 2103 1181 2163 siderum
1274 2099 1275 2182 l

190 2205 300 2262 cursus,
327 2205 382 2246 nec
397 2189 450 2247 nisi
465 2189 565 2266 paucis
579 2186 710 2262 noctibus
727 2187 801 2260 anni,
824 2186 909 2265 idque
926 2187 1038 2264 quando
1053 2187 1176 2246 iuturum
1274 2193 1275 2214 ¹

188 2272 224 2330 sit
238 2271 325 2332 facile
345 2274 436 2332 nosci.
462 2288 501 2330 ac
521 2288 557 2329 ne
578 2289 631 2350 per
645 2269 735 2329 omnis
756 2287 870 2329 meuses
885 2271 1049 2346 timeretur,
1081 2287 1176 2330 earum

188 2372 303 2434 quoque
326 2354 394 2431 lege
420 2355 539 2414 divisum
563 2361 672 2411 aestate
693 2351 843 2420 interlunia
864 2362 1065 2432 praeterquam
1088 2351 1211 2413 biduoau
1273 2429 1274 2432 ι

188 2441 291 2496 secura
308 2456 391 2512 esse,
416 2437 509 2512 hicme
525 2434 690 2512 plenilunia,
709 2453 763 2494 nec
779 2437 833 2495 nisi
849 2438 966 2496 aestivis
986 2436 1175 2496 brevissimis·

145 2529 196 2581 292
208 2537 264 2597 que
279 2519 409 2580 noctibus
424 2519 526 2593 metui,
543 2517 644 2576 diebus
659 2534 715 2576 non
729 2519 796 2578 item
811 2519 920 2580 valere.
952 2528 1105 2598 praeterea
1120 2529 1176 2579 tam
1273 2527 1274 2564 l

187 2601 274 2660 facile
298 2602 428 2678 intellegi
446 2611 476 2660 ut
498 2601 617 2660 formica
638 2603 787 2661 minumum
808 2603 909 2664 animal
925 2604 1076 2663 interlunio
1095 2605 1175 2682 quie·

187 2693 265 2760 scat,
289 2685 446 2764 plenilunio
468 2685 552 2744 etiam
568 2683 701 2744 noctibus
717 2694 872 2765 operetur,
891 2703 973 2745 avem
989 2705 1102 2765 parram
1117 2689 1174 2746 ori-

188 2777 253 2827 ente
269 2770 337 2828 sirio
356 2769 421 2847 ipso
437 2769 483 2829 die
500 2786 556 2829 nou
575 2769 734 2846 adparere,
761 2769 854 2829 donec
868 2771 998 2846 occidat,
1025 2771 1210 2830 ediversoco

188 2851 365 2912 chlorionem
382 2853 498 2930 prodire
512 2855 577 2930 ipso
594 2851 640 2911 die
656 2853 770 2927 solstiti,
785 2860 914 2912 neutrum
929 2870 1000 2914 vero
1016 2852 1101 2914 lunae
1117 2863 1174 2914 sta·

187 2945 244 2996 tum
266 2937 379 2996 noxium
401 2953 486 3012 esse,
511 2953 547 2994 ne
568 2935 700 2995 noctibus
716 2934 828 3012 quidem
853 2937 907 2995 uisl
927 2938 1039 2996 serenis
1055 2946 1083 2996 et
1099 2939 1175 2997 omui

186 3036 254 3079 aura
269 3021 453 3098 quiescente,
480 3019 611 3096 quoniam
625 3035 719 3118 neque
736 3019 764 3076 iu
785 3018 860 3078 nube
884 3038 978 3097 neque
995 3021 1023 3077 in
1041 3020 1109 3081 tlatu
1127 3039 1173 3082 oa·

186 3101 254 3161 dunt
268 3119 368 3178 rores,
393 3102 436 3161 sic
451 3117 566 3181 quoque
581 3119 637 3161 non
652 3103 713 3160 sine
730 3102 869 3163 remedio.

143 3193 195 3248 293
256 3187 340 3265 (70.)
362 3184 509 3245 Sarmenta
529 3194 577 3245 aut
591 3185 736 3264 paleamm
751 3203 873 3247 acervos
888 3193 918 3244 et
935 3185 1052 3247 evolsas
1066 3185 1171 3246 herbas
1182 3201 1209 3244 as

125 3267 362 3349 ‚fruticesque
378 3287 431 3347 per
447 3270 546 3329 vineas
567 3286 758 3348 camposque,
785 3288 847 3328 cum
862 3268 992 3347 timebis,
1016 3257 1169 3343 incendite,

185 3349 277 3410 fumus
289 3353 457 3414 medebitur.
489 3353 536 3413 bic
552 3371 569 3412 e
585 3353 677 3431 paleis
702 3361 732 3412 et
751 3362 849 3414 contra
869 3352 989 3414 nebulas
1009 3351 1170 3448 auxiliatur,

185 3432 232 3492 ubi
250 3435 372 3496 nebulae
391 3445 504 3498 nocent.
538 3437 649 3516 quidam
670 3437 721 3495 tris
742 3454 862 3497 cancros
883 3439 965 3497 vivos
989 3435 1107 3495 cremari
1128 3435 1170 3492 iu-
