2552 3866
355 219 453 274 ,nnn
470 220 560 270 rursu.
575 221 636 268 xx,
652 219 736 274 5-6.
755 211 908 293 (ru-22.)
1057 219 1118 280 195

119 391 190 436 suco
212 372 332 435 feniculi
357 381 457 433 contra
478 373 640 451 incipientis
670 347 835 454 hydropisis
859 379 930 438 mire
958 383 1115 463 prolicere,

118 464 190 520 item.
198 465 299 518 contra
315 457 433 533 anginas
446 473 509 516 cum
521 467 583 517 rute
596 465 625 517 et
637 459 742 535 melle,
763 461 884 527 enciteri
896 464 996 524 eudem
1008 467 1114 529 lether·
1162 521 1168 540 ,
1265 471 1268 478 ’

116 546 209 620 gicos.
228 540 322 599 Varro
335 558 410 618 quae
422 539 483 600 sele
497 549 526 600 et
541 551 625 601 aceto
639 539 742 621 sparsa
755 552 800 602 est
812 545 999 625 arelactaque
1011 555 1113 612 vernt
1203 599 1206 604 ,

117 627 191 686 culis
207 624 264 684 non
280 623 411 690 infestari
428 633 529 684 auctor
547 634 611 684 ests
674 650 676 656 ·

93 731 105 768 5
180 710 208 770 6.
234 707 316 786 (21.)
342 707 461 768 Porrnm
486 711 627 769 sectivom
647 707 789 786 profluvia
815 714 960 789 sanguinis
985 717 1060 777 sistit
1084 720 1179 786 in441

38 793 44 804 '
115 793 233 856 nuribus
255 794 379 852 contrito
403 809 439 851 eo
464 794 618 870 opturatis,
640 793 689 852 vel
708 793 806 869 gallae
822 797 910 856 mixto
927 807 975 858 aut
989 811 1113 878 mentae,

115 879 183 938 item
199 895 237 949 exg
253 875 354 936 abortu
371 875 512 954 profluvio
524 885 595 954 poto
607 893 678 936 suco
694 878 846 939 cumlaote
860 881 1019 945 mulierum.
1043 889 1115 946 tussi

116 963 200 1020 edam
214 963 309 1020 veteri
322 969 354 1020 et
367 961 497 1038 pectoris
513 978 548 1020 ac
565 960 798 1038 pulmonis-uitiis
808 963 948 1025 medetur.
972 967 1058 1028 inlitis
1069 970 1113 1031 io

116 1045 161 1104 liis
187 1052 322 1110 sanantur
347 1045 409 1104 vari
431 1052 460 1103 et
484 1043 615 1106 ambusto
639 1052 669 1104 et
689 1046 869 1122 epinyctides
885 1081 928 1094 —-
941 1051 979 1112 ita
994 1063 1115 1115 vocator

80 1128 208 1202 soulous,
227 1144 302 1206 quae
317 1136 347 1186 et
362 1145 444 1202 opos,
461 1128 489 1187 iu
507 1127 614 1205 angulo
627 1128 704 1188 oculi
717 1139 859 1207 perpetuo
872 1145 972 1193 umore
985 1151 1113 1214 manans,

114 1212 229 1290 quidam
245 1211 349 1272 eodem
369 1213 482 1272 nomine
503 1211 654 1290 appellant
668 1212 787 1290 pusulas
802 1213 917 1278 liventis
933 1235 968 1276 ao
981 1220 1115 1280 noctibus

96 1299 99 1310 '
113 1297 305 1373 inquietantes
320 1304 404 1354 -1—et
420 1295 476 1354 elia
491 1295 591 1355 ulcera
608 1314 670 1356 cum
683 1295 772 1360 melle
787 1298 872 1375 trito,
893 1300 943 1360 rel
956 1299 1113 1364 bestiarum
1122 1315 1156 1368 45
1267 1311 1268 1384 l

112 1397 225 1442 morsus
242 1397 280 1438 ex
296 1387 399 1455 aceto,
422 1380 490 1438 item
507 1380 685 1457 serpentium
701 1379 881 1460 aliorumque
896 1390 1113 1466 venenatorum,
1155 1403 1161 1412 '

113 1460 223 1524 aurium
236 1458 312 1522 vero'
326 1463 395 1523 uitia
411 1480 475 1522 oum
495 1461 566 1522 felle
590 1463 710 1541 caprino
725 1464 774 1524 vel
792 1467 854 1544 pari
868 1484 1002 1530 mensura
1017 1473 1112 1549 mulsi,

78 1570 103 1610 ιι
114 1547 255 1608 stridores
271 1563 335 1605 cum
352 1547 429 1606 lacte
443 1546 583 1622 mulieris,
603 1548 705 1624 eapitis
723 1547 854 1625 dolores,
871 1552 897 1608 si
913 1553 941 1610 in
957 1555 1035 1614 naris
1049 1555 1112 1614 iun·
1138 1617 1143 1640 ⁴

112 1632 213 1706 detur,
236 1629 438 1689 dormiturisve
454 1631 482 1688 in
496 1647 594 1687 eurem
610 1629 723 1692 duobus
744 1633 807 1690 suci
828 1633 1029 1712 coclearibus,
1054 1643 1133 1698 uno'

111 1713 216 1776 mollis.
247 1729 333 1770 sucus
353 1711 432 1772 etad
447 1713 625 1790 serpentium
641 1714 884 1794 scorpionumque
901 1717 988 1778 ictum
1002 1719 1153 1788 bibitores

113 1814 177 1858 cum
194 1811 275 1855 mero
292 1803 323 1854 et
343 1794 379 1854 ad
401 1793 562 1856 lumborum
585 1796 704 1858 dolores
728 1815 792 1856 cum
813 1799 871 1858 vini
886 1798 1000 1863 hemina
1014 1813 1108 1882 potus.

7 1917 8 1924 ι
113 1881 281 1958 sanguinem
302 1895 374 1939 vero
397 1878 617 1940 exscroantibus
633 1889 663 1940 ot
677 1880 846 1960 phthisicis,
869 1883 1110 1948 destillationibus

75 1965 209 2042 colongis
225 1961 273 2025 vel
288 1980 376 2024 sucus
388 1962 437 2022 vel
454 1979 491 2022 ox
504 1963 569 2042 ipso
585 1962 666 2023 cibus
682 1963 811 2045 prodest,
827 1967 895 2028 item
909 1968 1011 2030 morbo
1027 1973 1110 2048 regio

111 2049 160 2110 vel
175 2045 343 2123 hydropicis
360 2055 390 2105 et
406 2044 441 2105 ad
456 2047 564 2106 renium
580 2046 710 2123 dolores,
728 2066 790 2108 cum
806 2050 916 2112 tisanae
931 2071 1002 2113 succ
1015 2065 1110 2116 aceto·

111 2132 172 2193 buli
188 2146 330 2190 mensure.
365 2130 442 2191 ide-nr
462 2130 563 2190 modus
585 2147 648 2190 cum
666 2131 754 2190 melle
769 2133 871 2194 volvas
887 2147 1000 2212 purgat.
1029 2149 1152 2205 esturct

111 2233 184 2276 vero
211 2224 240 2274 et
262 2223 361 2274 contra
381 2213 534 2290 fungorum
554 2232 683 2290 venena,
712 2215 858 2293 inponitur
881 2227 911 2278 et
928 2218 1108 2298 volneribus,

111 2318 249 2362 venerem
264 2296 407 2373 stimulat,
423 2298 497 2356 sitim
511 2298 609 2374 sedat,
626 2297 785 2358 ebrietates
798 2299 930 2377 discutit,
944 2303 998 2362 sed
1009 2304 1109 2364 oculo·

23 2385 30 2388 “
75 2407 103 2446 25
113 2403 176 2445 rum
191 2384 284 2446 aciem
300 2381 440 2442 hebetare
455 2381 589 2458 traditur,
606 2381 768 2442 inflationes
786 2401 902 2462 quoque
919 2386 1019 2446 facere
1035 2405 1110 2464 quae

112 2478 207 2528 tamen
233 2465 384 2526 stomacho
413 2482 470 2525 non
495 2475 619 2526 noceant
643 2475 830 2545 ventremque
858 2468 997 2531 molliant.
1042 2472 1110 2530 voci

113 2551 299 2631 splendorem
314 2549 416 2613 auten.

175 2633 255 2715 (22.)
284 2631 416 2710 Capitoto
434 2634 525 2694 maior
541 2641 586 2693 est
606 2633 642 2694 ad
657 2632 759 2694 eadem
774 2634 905 2696 effectus.
937 2639 1106 2716 sanguinem
1118 2647 1153 2702 ts

113 2717 300 2780 reicientibus
320 2735 407 2776 sucus
428 2716 490 2776 eius
505 2734 568 2776 cum
581 2715 678 2794 gallae
693 2725 741 2776 aut
755 2713 932 2785 turis'farina
946 2721 995 2782 vel
1010 2724 1109 2783 acacia

76 2820 103 2862 ao
114 2804 206 2866 detur.
236 2799 430 2891 Hippoopates
446 2809 475 2859 et
491 2799 553 2859 sine
569 2799 625 2860 elia
640 2800 762 2859 mixtura
777 2799 838 2860 dari
853 2801 933 2861 iubet
947 2805 1108 2882 volvasque

114 2893 277 2948 contrectas
300 2885 413 2962 aperire
438 2901 470 2944 se
494 2891 590 2962 putot,
613 2882 818 2944 fecunditatem
837 2885 921 2962 etiam
942 2886 1109 2949 feminarum

112 2969 251 3030 hoccibo
265 2967 375 3044 augeri.
399 2970 549 3028 contritum
566 2985 604 3028 ex
617 2967 703 3027 melle
719 2966 818 3028 ulcem
835 2979 949 3047 purgat.
967 2973 1066 3030 tussim
1075 2979 1104 3030 et
1116 2979 1151 3036 49

114 3053 324 3130 destillationes
340 3049 485 3127 thoracis,
510 3051 652 3130 pulmonis
668 3059 697 3125 et
713 3051 837 3112 arteriae
853 3054 921 3112 vitia
939 3062 1035 3130 sonat,
1059 3055 1107 3115 da-

113 3147 173 3197 torn
197 3139 225 3196 in
252 3134 411 3196 sorbitione
437 3135 546 3198 tisanae
571 3135 619 3195 vel
645 3134 762 3195 crudum
787 3145 904 3212 praeter
926 3137 1020 3216 capita
1044 3139 1106 3198 sine

76 3236 200 3301 copone,
218 3221 257 3279 ita
272 3219 303 3278 ut
318 3219 435 3279 alternis
450 3216 551 3278 diebus
567 3226 702 3294 sumatur,
716 3217 765 3280 vel
779 3219 804 3278 si
821 3235 892 3297 pura
907 3230 1105 3283 exscreentur.
1181 3211 1186 3230 '

58 3359 62 3366 .
114 3306 158 3366 sic
179 3314 208 3364 et
229 3302 296 3362 voci
311 3303 359 3362 vel
372 3302 472 3364 veneri
488 3319 647 3383 somnoque
666 3301 783 3362 multum
799 3301 922 3364 confert.
955 3307 1047 3386 capita
1062 3305 1106 3366 bis

115 3406 189 3467 aqua
203 3394 309 3448 mutata
325 3395 409 3446 cocta
423 3386 518 3446 alvom
533 3388 635 3447 siatum
649 3393 679 3447 et
694 3385 846 3447 fluctiones
860 3397 989 3468 veteres,
1007 3399 1109 3451 cortex

117 3472 255 3534 decoctus
272 3469 426 3548 inlitusque
442 3471 530 3530 inlicit
545 3487 643 3532 canos.

884 3555 945 3616 13*
