2538 3864
313 228 394 276 usu.
413 229 504 278 rursu.
522 230 594 277 xxu.
611 228 730 282 13-—14-
749 221 899 299 (ll-49.)
1042 223 1105 315 247

110 382 272 455 scottice,
299 382 442 442 secundas
464 383 573 459 ferula,
600 386 700 446 tertias
721 385 841 462 vimine,
866 386 987 447 multiet
1003 407 1019 448 a
1036 407 1103 467 spe-

109 465 198 524 culari
213 464 311 542 lapide
325 465 496 541 iecere,‘ut
510 477 666 544 operantes
682 471 755 528 intus
777 477 952 548 spectarent.
984 472 1102 532 circum·

104 549 157 608 lini
172 547 254 607 alvos
272 547 338 608 limo
355 549 463 610 bubulo
485 552 677 628 utilissimum,
700 553 869 633 operculum
891 571 907 613 a
931 563 1015 631 tergo
1036 573 1103 616 esse

108 631 343 709 ambulatorium,
369 643 399 693 ut
419 645 593 713 properatur
616 637 706 712 intus,
733 638 758 695 si
775 653 875 714 magna
896 638 932 696 sit
953 637 1036 697 alvos
1057 650 1104 698 aut
1132 691 1135 696 Δ

86 715 215 776 usterilis
230 718 379 794 operatio,
405 735 443 777 ue
459 718 662 796 desperatione
682 739 776 780 curam
799 719 940 795 abiciant,
955 721 991 790 id
1007 722 1103 798 paula-

107 800 156 858 tim
179 797 280 859 reduci
304 800 424 861 fallente
451 803 550 880 operis
573 805 761 864 incremento.
803 803 885 864 alvos
910 804 1004 865 hieme
1033 814 1104 865 stra-

78 882 202 942 ”mento
218 885 341 961 operiri,
364 883 469 946 crebro
484 885 590 961 suffiri,
612 902 743 948 maxume
761 887 826 946 limo
842 887 958 948 bubulo.
994 905 1099 965 cogna·
1111 899 1146 955 81

59 976 164 1026 ¹·tum
191 965 248 1026 lroc
270 968 304 1028 iis
329 969 503 1034 innascentis
529 969 669 1032 bestiolas
691 981 793 1047 necat,
820 988 959 1046 araneos,
983 972 1103 1050 papilio·

106 1067 176 1126 nes,
201 1050 366 1128 teredines,
394 1054 516 1132 apisque
542 1053 620 1132 ipsas
642 1057 766 1122 excitat,
793 1063 822 1114 et
851 1071 1020 1114 araneorum
1043 1058 1104 1133 qui-

71 1134 172 1194 10deru
198 1135 314 1195 exitium
338 1135 450 1196 facilius
479 1145 533 1196 est.
564 1137 689 1215 papilio,
726 1138 818 1215 pestis
842 1139 948 1212 maior,
978 1137 1105 1198 lucernis

104 1216 216 1277 tollitur
241 1237 329 1295 vere,
364 1236 427 1278 eum
459 1228 634 1282 maturescat
657 1221 764 1294 malva,
802 1230 903 1297 noctu,
939 1221 1103 1299 interlunio,

105 1299 190 1361 caelo
211 1319 319 1362 sereno
339 1303 472 1362 accensis
491 1313 558 1366 ante
573 1303 665 1363 alvos.
697 1306 726 1363 in
748 1321 810 1370 eam
828 1304 965 1364 dammam
981 1323 1049 1364 sese
1062 1308 1103 1386 iu·

125 1393 217 1444 erunt.

102 1403 124 1462 g
166 1466 250 1547 (48.)
274 1469 305 1529 Si
319 1467 400 1529 cibus
417 1451 678 1536 sentiaturdeesse
695 1470 813 1556 apibus,
841 1487 911 1530 uvas
928 1489 1029 1550 passas
1046 1473 1100 1532 sic·
1111 1481 1145 1535 82

70 1566 96 1606 15
108 1568 195 1611 casve
212 1551 283 1611 ficos
302 1561 400 1612 tunsus
421 1552 457 1613 ad
482 1553 554 1618 ioris
573 1571 670 1613 earum
690 1553 825 1632 posuisse
846 1557 1015 1629 conveniat,
1037 1556 1104 1614 item

106 1634 187 1694 lanas
214 1641 321 1694 tractas
342 1633 483 1694 madentis
504 1653 594 1714 passo
618 1645 666 1696 aut
697 1636 810 1696 defruto
837 1646 884 1696 aut
908 1655 980 1714 aqua
1001 1638 1102 1712 mulsa,

106 1715 277 1794 gallinarum
298 1718 383 1776 etiam
400 1718 490 1776 nudas
506 1719 618 1778 earnis.
653 1718 821 1796 quibusdam
842 1720 926 1779 etiam
946 1720 1103 1780 aestatibus

106 1800 193 1860 iidem
212 1797 268 1858 cibi
289 1800 470 1878 praestandi,
497 1820 560 1865 com
582 1800 697 1862 siccitas
719 1803 850 1863 continua
872 1802 972 1862 dorum
987 1803 1102 1862 alimen·

106 1893 165 1943 tum
188 1882 314 1946 abstulit.
352 1882 507 1960 Alvorum,
539 1902 603 1945 cum
626 1885 860 1964 meleximatur,
885 1886 963 1945 inlini
989 1894 1104 1964 opertet

70 1968 203 2028 aceritus
218 1965 439 2045 melissophyllo
454 1977 503 2028 aut
517 1969 630 2045 genista
644 1969 733 2045 tritis,
762 1978 808 2030 aut
827 1967 934 2030 medias
956 1969 1020 2030 alba
1042 1970 1102 2032 ¹rite

108 2050 275 2130 praecingi,
296 2068 332 2110 ue
349 2067 420 2128 apes
435 2052 591 2128 diffugiant.
623 2069 692 2112 vasa
708 2052 836 2112 mellaria
851 2061 898 2111 aut
915 2053 998 2114 favos
1014 2053 1104 2114 lavari

107 2152 182 2212 aqua
200 2134 397 2212 praecipiunt,
419 2135 474 2195 hac
489 2135 611 2196 decocta
627 2135 691 2194 lieri
707 2135 923 2195 saluberrimum
941 2146 1062 2196 acetum.

172 2214 255 2301 (49.)
284 2216 359 2278 Cera
376 2217 406 2276 lit
423 2220 573 2295 expressis
593 2217 684 2293 lavia,
710 2218 762 2278 sed
777 2227 842 2278 ante
857 2218 1012 2295 purificatis
1027 2237 1100 2297 aqua
1111 2228 1146 2283 83

34 2303 41 2338 ¹
107 2319 143 2361 ac
168 2302 262 2367 triduo
291 2302 319 2360 in
345 2299 472 2361 tenebris
498 2302 630 2375 siccatis,
651 2311 752 2379 quarto
778 2301 825 2362 die
851 2300 965 2378 liquatis
992 2303 1050 2377 igni
1076 2301 1105 2358 in

70 2402 185 2445 renovo
206 2385 304 2460 lictili,
332 2401 405 2462 aqua
426 2383 509 2444 favos
531 2393 666 2463 tegente,
693 2393 759 2444 tuuc
780 2393 879 2462 sporta
901 2385 1013 2444 colatis.
1044 2401 1103 2442 rur·
1152 2421 1159 2426 -

109 2487 158 2527 sus
179 2469 207 2546 in
223 2468 325 2528 eadem
341 2468 401 2530 olla
423 2470 555 2547 coquitur
569 2486 637 2528 cera
657 2485 721 2531 cum
743 2467 844 2528 eadem
860 2484 933 2544 aqua
949 2468 1104 2546 excipitur·
1178 2473 1183 2477 ’

109 2568 166 2628 que
189 2551 245 2610 alia
261 2550 382 2629 frigida,
408 2553 486 2612 vasis
508 2551 597 2612 melle
617 2550 791 2612 circumlitis.
804 2545 808 2556 '
822 2559 937 2628 optuma
958 2567 1031 2629 quae
1052 2549 1104 2609 Pn-

108 2637 174 2694 nica
189 2643 324 2717 pocamr,
351 2651 491 2712 proxuma
512 2652 596 2713 quarn
617 2651 746 2694 maxume
763 2633 841 2694 iulva
861 2635 1016 2713 odorisque
1031 2631 1104 2694 mel·
1169 2707 1176 2714 ἰ

109 2718 165 2792 lei,
192 2734 280 2797 pura,
307 2718 423 2778 natione
445 2727 539 2778 autem
560 2717 696 2791 Ponticd‚
718 2718 795 2794 (prod
816 2725 949 2776 constare
973 2717 1105 2796 equidem

74 2802 216 2875 aomiror,
243 2802 317 2860 iuter
345 2809 486 2861 venenata
517 2798 620 2874 mella,
654 2799 757 2859 deinde
773 2797 913 2875 ¹Cretica,
946 2800 1105 2878 plurumum

40 2936 46 2949 ,
111 2886 187 2954 euim
210 2903 247 2943 ex
271 2884 386 2962 propoli
412 2883 518 2961 labet,
545 2882 582 2942 de
599 2899 655 2959 qna
671 2883 790 2942 diximus
806 2883 835 2940 in
856 2883 1146 2959 naturaapium.1¹‚1s

111 2975 179 3046 post
204 2967 257 3027 has
279 2965 414 3043 Corsica,
444 2968 577 3045 quoniam
599 2984 636 3024 cx
660 2965 737 3024 buxo
762 2965 809 3040 lit,
836 2964 943 3026 hahere
964 2965 1104 3044 quandam

112 3051 169 3110 rim
192 3050 387 3124 medicaminis
402 3059 526 3128 putatur.
556 3049 662 3109 Punica
686 3048 791 3108 lithos
812 3047 913 3109 modo:
948 3047 1147 3110 ventilaturfld

112 3133 166 3194 sub
181 3133 228 3193 diu
244 3136 360 3212 saepius
377 3151 445 3194 cera
460 3133 554 3208 lulva,
580 3131 682 3193 deinde
698 3131 793 3191 iervct
811 3133 839 3191 iu
854 3150 926 3209 aqua
945 3131 1051 3190 marina
1067 3147 1105 3190 cx
1261 3131 1264 3142 '

75 3240 103 3282 as
113 3217 172 3278 alto
188 3219 278 3294 petita
293 3216 390 3278 addito
405 3217 490 3276 nitro.
519 3215 584 3276 inde
601 3213 715 3291 lingulis
730 3214 860 3274 hauriunt
875 3215 991 3288 dorem,
1016 3213 1044 3273 id
1059 3222 1106 3273 est

113 3299 317 3361 candidissima
332 3317 482 3379 quaeque,
505 3297 757 3375 transfunduntque
771 3298 799 3356 in
813 3313 865 3356 ras
880 3296 956 3376 qood
972 3298 1105 3375 exiguum

114 3383 237 3461 frigidae
246 3383 363 3457 habeat,
376 3392 405 3442 et
418 3401 516 3444 rursus
528 3383 634 3442 marina
648 3380 791 3440 decocunt
803 3382 965 3462 separatim,
978 3381 1043 3441 dein
1053 3397 1104 3439 vas

115 3468 207 3550 ipsum
222 3484 296 3545 aqua
311 3464 493 3544 refrigerant.
523 3474 552 3526 et
570 3481 632 3527 cum
646 3462 703 3523 lroc
717 3472 762 3524 ter
776 3463 892 3540 iecere,
910 3465 1010 3525 iuncea
1026 3471 1105 3525 crate
