2534 3866
174 207 214 270 36
518 217 548 266 o.
564 216 660 290 rursu
675 215 825 266 suonam
862 241 864 246 ·

135 384 186 440 166
196 374 271 436 inter
285 371 353 434 illos
367 387 470 450 pacem
483 386 551 432 esse
570 379 686 448 cogunt.
717 370 787 429 acsi
802 370 866 447 quis
880 369 1048 448 Aethiopas,
1063 367 1160 444 Aegy·

175 467 264 536 ptum,
276 455 401 532 Arabas,
412 453 510 532 Indos,
525 455 659 530 Scythas,
670 453 800 529 Bactros,
813 454 1002 522 Sarmatarum
1012 459 1056 512 tot
1066 451 1162 528 gentis

176 551 205 601 et
221 542 339 601 orientis
355 541 510 617 omniaque.
525 537 692 597 Parthorum
714 553 804 612 regna
826 536 998 614 diligentins
1013 543 1162 614 conputet,

177 641 270 702 aequa
285 624 378 684 terme
393 641 459 701 para
476 621 618 681 lominum
638 621 667 678 in
686 627 748 678 toto
770 620 875 680 mundo
891 619 1009 680 calamis
1025 626 1162 696 superata

131 713 184 771 161
196 707 285 785 degit.
314 707 488 784 Praecipuus
503 704 550 762 hic
562 703 642 762 uisus
656 703 685 761 in
700 699 788 762 Creta
802 702 961 764 bellatores
976 719 1044 764 suos
1058 700 1186 764 nobili-u

174 793 253 853 tavit.
283 790 381 852 sedin
401 789 458 850 lroo
478 803 608 864 qnoque,
630 794 662 846 ot
682 786 789 844 ceteris
810 788 839 846 in
859 786 962 859 rebus,
984 786 1055 846 vicit
1068 784 1162 859 ltalia,
1248 845 1249 860 ,

176 875 289 953 qnando
309 873 402 933 nullus
420 869 531 946 sagittis
544 870 639 946 aptior
655 867 782 928 calamus
803 886 886 946 quam
906 870 934 928 in
950 868 1052 928 Rheno
1068 867 1163 928 Bono·

175 959 266 1019 niensi
283 973 376 1030 amne,
394 956 439 1014 cni
454 962 484 1011 et
494 951 623 1030 pluruma
636 954 711 1012 inest
722 953 846 1012 medulla
860 953 1030 1030 pondusque
1041 951 1163 1012 volnere

175 1051 204 1102 ct
222 1051 322 1102 contra
337 1038 420 1098 llatus
441 1052 556 1114 quoque
577 1037 716 1114 pervicax
735 1035 818 1097 libra.
853 1037 961 1115 qnippe
982 1052 1040 1095 non
1060 1035 1164 1096 eadem
1249 1105 1250 1112 ἵ

173 1127 264 1203 gratia
270 1121 406 1197 Belgicis.
428 1120 502 1180 haee
514 1119 678 1180 etOreticis
690 1118 1051 1196 commentatiunculas
1065 1135 1163 1197 qnam·
1174 1131 1196 1172 ro
1249 1163 1250 1196 ζ

174 1225 258 1287 quarn
286 1203 486 1284 praeferantur
511 1201 601 1263 ludici
630 1220 750 1282 quornm
775 1203 831 1264 alia
858 1202 1024 1282 quibusdam
1049 1202 1165 1262 videtur

173 1299 288 1363 natura,
310 1286 422 1366 qnando
444 1294 473 1346 et
492 1285 637 1348 hastarum
655 1288 749 1346 vicem
765 1286 907 1364 praebent
920 1286 1022 1347 additia
1037 1285 1164 1364 cuspidi·

13 1433 15 1440 .
134 1373 257 1437 161111.
288 1369 443 1430 llamndini
459 1369 573 1448 quidem
596 1368 712 1430 indicae
731 1369 855 1431 arborea
873 1369 1047 1448 amplitudo,
1069 1369 1165 1447 qualis

173 1455 262 1530 volgo
278 1455 306 1512 in
321 1452 440 1531 templis
453 1453 593 1512 videmus.
624 1453 741 1513 differre
761 1455 847 1512 maris
869 1471 904 1514 nc
926 1453 1047 1513 laminas
1068 1455 1097 1514 in
1117 1453 1164 1514 luis
1250 1459 1251 1468 ’

121 1531 128 1544 ’
174 1555 289 1617 qnoque
313 1535 374 1597 lndi
394 1536 516 1596 tradunt.
547 1537 668 1614 spissius
690 1537 760 1596 mari
785 1553 909 1615 eorpus,
930 1537 1055 1598 feminae
1075 1553 1162 1614 cupa·
1175 1561 1197 1600 ra

174 1624 245 1682 cius.
277 1621 514 1700 navigiorumque
539 1621 622 1680 etiam
649 1619 741 1679 vicem
762 1629 926 1698 praestant,
952 1621 978 1681 si
1005 1619 1162 1697 credimus,

173 1705 284 1783 singula
300 1703 469 1765 internodia.
502 1705 579 1770 circa
591 1704 737 1763 Acesinen
748 1721 858 1764 amnem
873 1721 1004 1764 maxume
1024 1704 1162 1764 nascitur.
1251 1725 1252 1748 ι

132 1797 182 1852 163
192 1788 327 1850 Harundo
342 1789 433 1850 omnis
451 1805 490 1847 ex
505 1805 559 1847 nnn
575 1789 664 1865 stirpe
679 1803 841 1864 numerosa,
857 1798 945 1867 atqua
966 1789 1051 1849 etiarn
1064 1788 1164 1848 recisa

174 1873 325 1933 iocundius
340 1872 474 1947 resurgit.
505 1871 586 1931 radix
610 1879 709 1930 natura
731 1871 832 1949 vivax,
853 1872 1015 1949 geniculata
1036 1871 1162 1948 etipsa.

173 1957 242 2016 lolia
257 1955 361 2014 Indicis
376 1963 481 2014 tantum
494 1952 608 2031 brevia,
625 1955 755 2014 omnibus
775 1972 847 2014 uero
868 1974 885 2015 a
905 1955 982 2015 nodo
1005 1971 1071 2014 orsa
1092 1970 1198 2017 con-an

173 2039 261 2118 plexu
281 2039 373 2099 tennis
393 2053 447 2117 per
468 2037 600 2098 amhltnnu
619 2039 756 2099 inducunt
774 2041 901 2117 tunicas,
925 2047 1012 2117 atque
1033 2041 1164 2100 emedio

172 2122 332 2183 internodio
354 2139 417 2182 cum
434 2121 595 2198 plurumum
614 2122 748 2182 desinunt
765 2123 874 2183 vestire
900 2121 1164 2202 procumbuntque.

173 2205 263 2266 latera
277 2205 424 2266 harundini
439 2204 609 2284 calamoque
624 2207 653 2265 in
667 2206 839 2266 rotunditate
860 2203 942 2281 hina,
964 2222 1052 2283 snper
1066 2207 1164 2267 nodos

172 2289 283 2349 alterno
305 2305 420 2367 semper
439 2288 570 2366 inguine,
592 2298 621 2348 nt
641 2289 792 2348 alteruma
813 2289 1015 2364 dementat,
1038 2287 1163 2350 alterum

124 2429 127 2434 .
173 2374 322 2451 superiore
334 2373 470 2449 geniculo
481 2371 516 2430 ab
530 2370 613 2429 laeva
625 2389 679 2448 per
693 2371 775 2430 vicis.
803 2371 870 2432 inde
884 2380 990 2431 exeunt
1003 2371 1161 2450 aliquando
1172 2391 1197 2432 aa

172 2458 240 2516 rami
259 2456 306 2532 qui
321 2465 385 2514 sunt
400 2455 500 2514 calami
513 2461 625 2512 tenues.

131 2547 182 2603 164
255 2537 339 2615 (66.)
359 2537 444 2596 Plura
457 2543 552 2596 autem
566 2553 684 2612 genera.
710 2535 767 2596 alia
779 2537 901 2615 spissior
914 2537 1088 2618 densiorque
1105 2557 1161 2618 ge·-

171 2618 283 2693 niculis,
296 2619 432 2680 brevibus
447 2619 624 2696 internodiis,
636 2618 691 2679 alia
706 2619 799 2679 rarior
809 2622 974 2703 maioribus,
986 2623 1160 2701 tenuiorque

172 2704 292 2780 etipsa.
328 2702 453 2762 calamos
472 2718 543 2762 vero
564 2702 636 2762 alins
661 2710 738 2762 totns
761 2719 923 2780 concavos,
946 2723 1031 2784 quem
1051 2717 1161 2766 vocant

172 2786 327 2861 syringion,
346 2787 510 2846 utilissimus
525 2786 638 2859 11111111,
654 2788 786 2863 quoniam
799 2787 868 2847 nilril
880 2797 925 2848 est
935 2791 962 2848 ei
979 2791 1158 2867 cartilaginis
1168 2813 1195 2852 uo

171 2879 257 2947 atque
277 2869 378 2929 carnis.
414 2867 620 2930 Orchomenius
646 2880 692 2929 est
713 2872 846 2930 continuo
866 2870 1004 2933 foramine
1025 2875 1156 2951 pervius,

131 2962 179 3016 166
192 2970 275 3030 quem
290 2952 434 3012 auleticon
448 2959 562 3012 vocant.
592 2951 640 3012 lrlo
661 2953 738 3014 tibiis
756 2954 870 3031 utilior,
887 2955 989 3016 tistulis
1011 2956 1070 3016 ille.
1101 2955 1158 3018 Est

171 3035 243 3096 alius
259 3038 402 3095 crassiore
418 3035 496 3112 ligno
512 3045 542 3096 et
555 3038 633 3096 tenui
648 3038 795 3097 foramine.
825 3035 900 3098 hunc
920 3048 1008 3100 totum
1031 3039 1156 3118 fungosa

170 3120 268 3197 replet
282 3119 415 3179 medulla.
445 3120 516 3179 allus
532 3119 665 3196 brevior,
690 3120 762 3180 alins
772 3124 939 3200 procerior,
956 3123 1060 3182 exilior
1075 3141 1154 3183 cras·

171 3204 298 3280 siorque.
340 3202 589 3277 fruticosissimns,
616 3205 663 3282 qni
685 3213 804 3263 vocatur
825 3205 935 3280 donax,
961 3222 1018 3265 non
1045 3207 1098 3266 nisi
1122 3207 1192 3272 inas

172 3287 309 3361 aquaticis
323 3295 415 3360 natus,
429 3285 560 3364 quoniam
576 3294 606 3346 et
620 3286 692 3346 haec
706 3285 865 3347 differentia
880 3297 925 3348 est
935 3290 1051 3350 multum
1066 3305 1153 3368 prae·
1248 3321 1253 3330 ν

130 3374 181 3430 166
192 3367 247 3427 lata
263 3366 416 3428 hemodinc
433 3386 507 3447 qnae
521 3369 550 3428 in
564 3370 651 3429 siccis
665 3373 823 3446 proveniat.
855 3371 941 3431 Suum
957 3390 1048 3450 genus
1063 3374 1153 3448 sagit-

130 3475 162 3510 m
174 3451 245 3510 tario
260 3450 379 3528 camme,
396 3461 426 3513 nt
440 3453 571 3529 diximus,
587 3453 640 3514 sed
651 3449 768 3516 Cretico
785 3454 958 3531 longissimis
973 3453 1152 3534 internodiis,
