2552 3866
204 190 265 254 202
564 167 867 246 oenrursaouunr

202 373 314 416 uenena
330 371 431 414 semen
446 363 495 414 aut
506 371 607 414 sucum
618 352 773 414 bibendum
788 361 897 428 censet,
912 351 1060 415 Philistion
1072 351 1199 430 opistho-

159 441 306 505 catonicis
321 456 422 499 sucum
435 456 473 498 ex
488 437 565 498 lacte
582 431 700 516 caprino
714 455 778 498 cum
787 437 849 498 sale
866 445 896 498 et
912 436 1010 496 melle.
1041 436 1156 496 inuenio
1172 444 1199 495 et

203 524 335 603 podagra
353 522 493 582 liberatos
508 521 621 582 edendo
638 539 701 583 eam
717 522 916 600 decoctaeque
932 521 975 580 ius
990 519 1127 580 bibendo.
1144 519 1200 580 hoc

204 618 233 669 et
250 608 392 668 cardiacis
408 607 502 667 datum
524 614 553 664 et
570 605 761 666 comitialibus
781 605 891 667 morbis
914 603 1011 665 addito
1033 603 1112 677 sale,
1136 605 1200 663 item

203 691 343 771 splenicis
360 691 388 748 iu
402 691 469 750 vino
484 689 551 750 albo
567 706 621 767 per
635 689 699 748 dies
714 703 771 750 xo.
792 689 921 750 ictericis
932 707 987 748 neo
999 704 1055 748 non
1072 696 1101 748 et
1114 685 1221 765 phac-s

202 777 307 836 ueticis
321 774 428 840 radicis
444 773 549 834 crudae
564 789 664 833 sucum
677 773 914 849 gargarizandum
925 771 1137 849 bibendumque
1151 771 1200 830 de-

201 867 352 934 monstrat,
369 867 468 919 contra
484 875 555 916 vero
567 855 708 934 singultus
719 856 988 928 commoriaudroet
1003 865 1099 930 aneto,
1115 855 1201 915 melle

159 952 238 1007 88ac
252 945 356 1022 pipere
375 960 412 1001 ex
431 950 526 1000 aceto.
562 939 669 1000 inlitam
697 956 812 1018 quoque
840 939 984 1019 prodesse
1010 937 1202 1001 inflationibus

202 1025 360 1100 stomachi,
390 1027 457 1083 item
477 1026 654 1102 serpentium
674 1022 779 1084 ictibus
801 1032 830 1084 et
850 1023 976 1084 sordidis
997 1022 1145 1084 ulceribus
1169 1039 1202 1082 ac

201 1111 340 1182 vetustis,
363 1107 412 1165 vel
429 1113 531 1184 aquam
545 1109 638 1186 ipsam
653 1127 717 1168 cum
732 1108 897 1170 hordeacea
913 1107 1021 1183 farina,
1044 1125 1143 1168 sucum
1168 1123 1203 1166 ex
1211 1121 1231 1160 10

203 1202 287 1253 aceto
309 1189 357 1248 vel
376 1191 522 1250 cumiano
538 1191 662 1252 Graeco.
693 1193 735 1252 sic
751 1192 837 1270 aliqui
859 1201 888 1252 et
906 1191 1034 1252 articulis
1052 1191 1202 1269 podagris·

201 1291 258 1354 que
282 1274 428 1350 inponunt.
463 1276 642 1352 epinyctidas
667 1285 696 1334 et
716 1275 853 1353 quidquid
875 1274 951 1334 aliud
977 1278 1068 1352 serpit
1090 1277 1119 1334 in
1139 1292 1203 1334 cor·

203 1374 276 1436 pore
293 1357 417 1434 inposita
433 1356 522 1431 levat,
538 1359 606 1417 item
619 1358 786 1435 repentinas
804 1357 956 1432 caligines,
973 1357 1024 1415 has
1043 1367 1072 1416 et
1088 1359 1112 1420 si
1126 1376 1205 1420 man·

202 1442 275 1502 ditur
297 1458 335 1500 ex
355 1449 457 1515 aceto,
480 1439 636 1516 suggillata
657 1455 727 1498 vero
751 1449 780 1498 et
801 1439 875 1498 alios
892 1439 1000 1499 livores
1018 1455 1089 1517 pura
1113 1441 1207 1518 inlita,

201 1526 301 1603 lepras
313 1533 342 1583 et
353 1540 457 1602 psoras
467 1541 530 1582 cum
545 1523 669 1584 alumine
683 1523 807 1582 rotundo
821 1531 965 1583 exacuto.
989 1523 1032 1582 sic
1044 1531 1075 1581 et
1085 1522 1208 1584 fluentis
1217 1540 1236 1581 u

158 1620 194 1674 89
204 1609 328 1688 capillos
343 1609 457 1666 retinet.
480 1606 669 1685 Epicharmus
687 1607 802 1668 testium
814 1615 843 1668 et
857 1606 1024 1685 genitalium
1035 1606 1118 1666 malis
1129 1606 1209 1668 hauc

204 1693 354 1754 utilissime
370 1692 480 1770 inponi,
491 1691 645 1752 'eliieacius
668 1692 788 1753 eandem
806 1709 871 1752 cum
888 1689 955 1750 laba
971 1692 1037 1751 trita
1054 1691 1113 1766 nit,
1136 1691 1208 1752 item

204 1777 364 1852 convolsis,
380 1794 444 1836 cum
458 1785 521 1836 ruta
534 1784 633 1836 contm
649 1776 782 1836 ardorem
792 1774 957 1836 febrium'et
971 1775 1111 1834 stomachi
1126 1777 1206 1852 vitia,

203 1879 268 1921 cum
282 1868 364 1919 rutae
380 1861 489 1918 semine
505 1859 540 1920 ad
556 1859 708 1920 secundas.
742 1868 771 1920 et
785 1859 983 1920 murisaranei
993 1874 1106 1920 morsus
1118 1858 1205 1918 lolio-

184 1950 188 1958 ‘
204 1962 264 2002 rom
279 1942 421 2002 aridorum
435 1943 526 2003 farina
541 1943 679 2004 alterutra
693 1954 776 2021 parte
792 1943 927 2003 exinanit.

158 2036 197 2089 90
268 2021 361 2106 (35.)
395 2025 441 2084 Ex
464 2026 598 2087 omuibus
622 2027 770 2087 brassicae
795 2026 954 2104 generibus
978 2026 1147 2088 suavissima
1175 2035 1205 2085 et

204 2125 303 2184 cyma,
319 2109 373 2170 etsi
389 2110 494 2170 inutilis
510 2110 644 2188 babetur,
666 2111 790 2171 diflicilia
811 2111 840 2169 in
856 2111 1009 2189 coquendo
1034 2118 1062 2170 et
1086 2108 1204 2172 renibus

204 2193 358 2251 contraria.
389 2193 459 2252 illud
475 2211 590 2272 quoque
605 2212 662 2253 oon
678 2204 722 2254 est
735 2194 929 2270 omittendum,
944 2212 1047 2273 aquam
1061 2194 1205 2256 decoctae

203 2276 239 2338 ad
256 2285 299 2336 tot
314 2293 384 2338 usus
398 2276 541 2338 laudatam
555 2277 669 2338 laetere
688 2279 766 2338 humi
782 2278 910 2338 effusam.
944 2280 1074 2357 stirpium
1095 2277 1204 2336 brassi-

204 2379 258 2421 cae
274 2359 417 2419 aridorum
432 2361 502 2420 cinls
517 2363 592 2420 iuter
607 2362 734 2421 caustica
750 2362 942 2440 intellegitur,
959 2360 994 2421 ad
1011 2359 1206 2429 coxendicum
1215 2380 1237 2420 as

204 2443 324 2503 dolores
340 2459 402 2502 cum
417 2443 501 2519 adipe
517 2452 647 2519 vetusto,
666 2452 695 2503 at
714 2463 778 2504 cum
800 2445 897 2505 lasere
912 2454 941 2504 et
960 2455 1047 2504 aceto
1064 2447 1092 2504 iu
1107 2445 1207 2506 vicem
1256 2459 1257 2466 ¹

156 2535 193 2588 91
203 2525 317 2604 psilotri
336 2526 446 2586 evolsis
468 2525 564 2584 inlitus
587 2527 652 2604 pilis
671 2531 751 2588 nasci
770 2529 845 2588 alios
866 2527 1012 2606 prohibet.
1042 2528 1150 2588 bibitur
1177 2537 1207 2589 et

204 2625 267 2666 cum
290 2607 359 2668 oleo
381 2607 613 2670 subfervefactus
635 2611 684 2670 vel
706 2629 760 2690 per
782 2630 815 2672 se
838 2612 931 2672 elixos
953 2611 990 2671 ad
1011 2612 1153 2674 convolsa
1178 2622 1208 2673 et

201 2697 286 2768 rupta
315 2691 390 2750 intus
423 2692 566 2771 lapsoque
599 2711 636 2753 ex
668 2694 736 2755 alto.
782 2695 860 2755 nulla
892 2712 964 2772 ergo
981 2705 1056 2757 suut
1084 2698 1207 2758 crimina

202 2772 373 2835 brassicae?
400 2777 484 2835 immo
506 2795 578 2838 vero
599 2779 675 2856 apud
695 2780 814 2840 eosdem
834 2781 944 2839 animae
964 2781 1136 2856 gravitatem
1160 2751 1256 2842 fat-ul

203 2859 290 2933 dere,
313 2859 445 2920 dentibus
467 2870 497 2920 et
514 2862 639 2938 gingivis
661 2879 786 2940 nocere,
815 2871 843 2922 et
871 2863 900 2922 in
919 2862 1057 2941 Aegypto
1079 2874 1207 2942 propter

203 2941 417 3002 amaritudinem
432 2959 489 3003 non
504 2954 592 3004 estur.
1152 2954 1155 2958 ’

156 3033 194 3088 92
264 3022 349 3166 336.)
367 3027 516 3086 silvestris
533 3029 596 3088 sive
612 3030 753 3090 erraticae
769 3030 897 3092 inmenso
914 3032 978 3109 plus
1000 3032 1123 3092 effectus
1139 3030 1205 3092 lau·

202 3109 251 3170 det
288 3117 365 3184 ato,.
378 3109 451 3170 adeo
473 3120 504 3170 ut
526 3110 623 3172 aridae
640 3129 756 3191 quoquc
776 3111 894 3174 lerinam
916 3117 944 3174 in
962 3115 1118 3176 olfactorio
1137 3115 1205 3177 col·

201 3192 306 3252 lectam
326 3194 375 3252 vel
395 3193 486 3254 odore
508 3202 614 3255 tantum
627 3196 742 3256 naribus
762 3207 860 3274 rapto,
878 3198 946 3256 vitia
962 3215 1059 3258 earum
1073 3215 1204 3275 gravem
1216 3218 1238 3260 es

201 3273 374 3352 tertiamque
392 3293 495 3354 sanare
512 3278 651 3338 adiirmet.
678 3279 753 3340 banc
773 3281 821 3340 alii
838 3289 986 3358 petraeam
1002 3291 1127 3357 vocant,
1149 3283 1207 3342 ini·
1252 3345 1253 3358 p

201 3356 383 3420 micissimam
391 3362 469 3438 vino,
482 3378 564 3439 qnam
579 3363 737 3440 praecipue
747 3364 813 3424 vitis
827 3363 918 3442 lugiet
929 3375 987 3441 aot,
999 3366 1024 3425 si
1036 3383 1093 3426 uon
1104 3367 1209 3444 possit

156 3446 193 3502 93
201 3439 314 3517 fugere,
326 3446 474 3505 moriatur.
499 3445 569 3508 lolia
579 3446 668 3507 babet
678 3448 742 3525 ima,
759 3449 891 3524 rotunda,
903 3466 1002 3528 parva,
1016 3450 1102 3526 levia,
1117 3449 1207 3530 plan-
