2552 3866
173 170 232 231 176
424 198 428 204 -
518 180 548 229 o.
564 181 660 228 runnu
676 180 825 230 snounnr
902 191 905 198 ·

159 341 266 416 ,apium
281 344 380 398 serunt
393 334 549 396 in-laciniis
562 336 755 415 conligatum,
779 338 874 416 apium
893 338 978 398 etiam
994 337 1102 415 paxillo
1119 355 1164 398 oa·

129 433 179 487 121
189 439 279 482 verna
299 421 375 481 facta
398 439 433 480 ac
453 421 519 481 fimo
540 423 666 499 ingesto.
710 415 872 482 Nascuntur
890 431 984 481 antem
1004 424 1098 482 omnia
1120 431 1165 481 aut

170 507 280 566 semine
296 513 344 564 aut
358 499 519 581 avolsione,
536 505 675 584 quaedam
691 515 720 566 et
734 507 843 565 semine
859 515 888 565 et
903 506 1031 581 surculo,
1047 514 1078 565 ut
1092 515 1163 581 ruta,

147 625 150 636 ·
172 592 330 666 origanum,
348 589 480 662 ocimum,
495 622 538 636 -
552 590 723 668 praecidunt
737 590 812 649 euim
826 599 855 648 et
869 590 937 665 hcc,
953 607 1016 648 cum
1033 591 1165 667 pervenit

70 747 73 757 ἢ
170 674 206 733 ad
223 673 346 752 palmum
367 673 522 736 altitudinis
544 674 740 752 -quaedam
764 683 793 734 et
812 674 920 733 semiue
941 682 970 733 et
990 673 1108 749 radice,
1136 682 1189 732 utu

171 775 255 836 cepa,
269 757 364 834 alium,
378 757 457 816 bulbi
470 767 499 816 ct
511 759 535 818 si
543 758 662 836 quorum
669 757 1017 818 radicesseminiierorum
1024 757 1163 818 relincun-

170 851 225 904 tur.
241 859 340 902 eorum
355 859 427 900 vero
443 859 515 919 quae
529 860 545 901 a
557 842 655 902 radice
667 850 821 906 nascuntur
832 840 915 900 radix
926 841 1055 903 diuturna
1068 851 1097 902 et
1109 842 1163 900 iru-

170 927 265 986 tioosa
277 935 332 1000 est,
349 934 379 984 ut
392 923 483 1000 hulhi,
500 926 611 1002 gethyi,
629 925 742 988 scillae.
761 925 896 984 fruticant
907 924 963 984 alia
979 933 1006 984 et
1018 943 1075 985 non
1088 927 1163 1002 capi-

127 1021 178 1074 122
190 1019 264 1084 tata,
291 1017 322 1068 ut
343 1010 438 1086 apium
461 1017 491 1068 et
511 1009 588 1070 heta.
635 1008 726 1069 Caule
748 1011 844 1070 reciso
863 1009 928 1068 lere
942 1009 1058 1088 quidem
1073 1010 1164 1068 omnia

169 1093 364 1170 regerminant
379 1095 512 1171 exceptis
527 1111 602 1172 quae
616 1111 673 1154 non
688 1093 818 1156 scahrum
834 1094 946 1154 caulem
963 1093 1078 1169 hahent,
1095 1101 1124 1152 et
1137 1094 1164 1150 in
1175 1106 1199 1180 qo

170 1195 250 1240 nsum
263 1194 335 1236 vero
352 1178 485 1253 ocimum,
500 1179 655 1256 raphanus,
671 1179 793 1237 lactuca.
816 1179 890 1237 hanc
905 1180 990 1250 etiarn
1005 1179 1177 1237 suaviorem.

168 1270 269 1342 putant
283 1279 299 1320 a
313 1262 565 1337 regerminatione.
589 1262 734 1339 raphanus
749 1262 846 1337 utique
862 1261 1012 1320 iucundior
1028 1261 1164 1320 detractis

62 1351 70 1367 “
169 1345 248 1404 loliis
270 1353 422 1422 antequam
442 1342 635 1402 decaulesoat.
664 1342 720 1400 hoc
737 1343 807 1400 etin
824 1343 912 1418 rapis.
941 1360 1005 1400 nam
1020 1352 1049 1400 et
1064 1342 1165 1402 eadem

170 1430 299 1508 dereptis
311 1428 389 1488 iuliis
403 1434 544 1502 cooperta
559 1433 636 1483 terra
652 1432 786 1482 crescunt
801 1423 960 1500 durantque
974 1425 1002 1481 in
1013 1433 1162 1482 aestatem.

128 1523 179 1578 123
248 1512 332 1590 (37.)
352 1508 470 1585 Singula
486 1525 595 1584 genera
612 1516 676 1566 sunt
690 1507 794 1580 ocimo,
811 1505 939 1583 lapatho,
954 1505 1036 1581 blito,
1052 1515 1162 1564 nastur-
1175 1527 1203 1566 rs

169 1598 226 1672 tic,
251 1612 373 1668 erucae,
396 1592 535 1671 atriplici,
558 1590 726 1664 coriandro,
748 1598 843 1666 aneto.
872 1589 946 1650 haec
966 1591 1044 1648 eulm-
1054 1588 1163 1666 ubique

171 1679 272 1740 eadem
293 1687 358 1738 sunt
378 1695 473 1755 neque
488 1676 565 1737 aliud
582 1676 639 1736 alio
653 1666 754 1735 meliu's
768 1690 897 1751 usquam.
927 1683 1017 1734 rutam
1031 1673 1164 1733 furtivam

170 1772 277 1824 tantum
291 1763 446 1840 provenire
461 1760 583 1830 lertilius
600 1767 698 1836 putant
713 1758 786 1818 siout
803 1758 865 1836 apis
880 1756 999 1817 furtivas
1014 1761 1161 1836 pessume.
1262 1765 1263 1788 l

168 1854 322 1908 nascuntur
337 1853 430 1903 autem
444 1846 527 1903 etiarn
540 1860 598 1928 pon
614 1851 691 1917 sata,
705 1848 816 1917 menia,
832 1850 1026 1916 mentastrum,
1043 1849 1161 1919 nepete,
1262 1837 1263 1886 l

169 1929 304 2001 intubum,
322 1927 457 2004 puleium.
477 1935 576 1987 contra
593 1926 675 2005 plura
690 1943 798 2003 genera
810 1933 874 1984 sunt
886 1943 986 1986 eorum
1001 1943 1075 2004 quae
1090 1924 1160 1983 dixi·
1172 1943 1200 1984 no

128 2023 179 2078 124
187 2028 248 2070 mus
260 2009 446 2086 dicemusque
457 2017 486 2068 et
497 2011 524 2068 in
536 2011 634 2087 primis
649 2011 725 2086 apio.
753 2009 783 2072 8.
796 2009 825 2069 id
842 2010 916 2068 enim
929 2009 1006 2087 quod
1018 2018 1121 2086 sponte
1134 2009 1162 2067 iu

168 2093 269 2154 umidis
284 2095 411 2158 nascitur
424 2093 625 2154 helioselinum
639 2103 769 2167 vocatur,
786 2110 842 2152 uuo
858 2092 929 2153 folio
946 2111 1002 2152 nec
1012 2091 1160 2168 hirsutum,

159 2195 268 2250 ,rursus
282 2179 311 2237 in
328 2178 414 2240 siccis
429 2177 651 2257 hipposelinum,
672 2177 801 2270 plurimus
816 2177 904 2252 loliis,
924 2177 1015 2236 simile
1033 2175 1160 2236 heliose-

168 2261 237 2322 llnc.
267 2263 380 2322 tertium
402 2271 446 2322 est
467 2263 677 2336 oreoselinum,
704 2262 815 2320 cicutae
833 2260 928 2335 loliis,
955 2260 1053 2320 radice
1070 2261 1160 2335 tenui,
1204 2313 1207 2322 .

169 2348 282 2406 semine
299 2339 391 2421 aneti,
416 2346 565 2405 minutiore
581 2351 696 2404 tantum.
729 2353 758 2402 et
774 2345 855 2402 sativi
871 2353 964 2404 autem
980 2343 1161 2409 differentiae
1172 2356 1199 2399 os

169 2431 197 2490 iu
213 2429 283 2489 lolio
302 2429 408 2504 denso,
438 2429 534 2505 crispo
553 2437 600 2488 aut
615 2428 725 2486 rariore
742 2437 771 2486 et
787 2427 914 2502 leviore,
939 2429 1005 2486 item
1020 2427 1102 2486 caule
1118 2436 1178 2504 tes

169 2513 270 2572 nuiore
285 2522 333 2571 aut
347 2512 509 2585 crassiore,
530 2520 559 2569 et
577 2510 665 2570 caulis
681 2509 801 2570 aliorum
818 2511 953 2572 candidus
969 2518 1023 2585 est,
1040 2510 1162 2570 aliorum

170 2611 347 2673 purpureus,
371 2592 490 2653 aliorum
505 2595 611 2654 varius.
1142 2604 1147 2615 ·

126 2689 178 2742 125
253 2677 335 2755 (38.)
357 2676 499 2738 Lactucae
521 2677 624 2741 Graeci
649 2679 702 2755 tria
728 2678 828 2736 iecere
851 2695 975 2753 genera:
1003 2695 1088 2736 uuum
1109 2677 1161 2737 lati

170 2761 270 2836 caulis,
287 2759 361 2822 adeo
377 2771 407 2821 ut
420 2762 524 2822 ostiola
539 2762 653 2821 olitoria
668 2780 707 2820 ex
720 2760 765 2821 his
778 2761 901 2821 factitari
916 2759 1105 2837 prodiderint,
1117 2776 1200 2820 ——an

168 2845 268 2906 folium
289 2846 332 2905 his
354 2846 440 2924 paulo
462 2845 551 2905 maius
569 2844 716 2905 herbaceo
732 2854 760 2903 et
774 2845 1018 2920 angustissimum,
1047 2854 1075 2904 ut
1090 2844 1162 2904 alibi

170 2938 340 3009 consumpto
362 2931 556 3002 incremento,
577 2961 618 2972 -
638 2927 757 2988 alterum
778 2926 890 2986 rotundi
912 2928 1017 3003 caulis,
1044 2929 1161 2987 tertium

48 3040 53 3048 ·
88 3067 92 3075 ,
170 3014 293 3088 sessile,
329 3012 405 3090 quod
430 3010 600 3072 laconicum
621 3020 735 3073 vocant.
780 3009 827 3070 alii
853 3011 953 3071 colore
976 3018 1005 3070 et
1025 3020 1161 3090 tempore

170 3103 248 3155 satus
270 3114 380 3171 genera
401 3093 577 3154 discrevere.
610 3112 678 3154 esse
705 3095 779 3154 enim
799 3094 895 3171 nigras
918 3111 1035 3170 quarum
1059 3114 1162 3167 semen

168 3195 267 3238 mense
283 3176 413 3238 Ianuario
428 3186 555 3252 seratur,
577 3177 659 3237 alhas
674 3194 792 3255 quarum
804 3176 922 3251 lllartic,
943 3177 1071 3238 rubentis
1087 3197 1158 3257 qua·
1170 3193 1201 3237 aa

169 3279 231 3320 rum
248 3259 356 3338 Aprili,
375 3269 404 3320 et
420 3263 541 3322 omnium
557 3278 654 3320 earum
668 3260 779 3337 plantus
796 3268 862 3338 post
876 3259 959 3319 binos
974 3279 1089 3322 meuses
1106 3263 1159 3324 de-

127 3351 179 3406 126
190 3341 269 3402 ferri.
306 3345 503 3420 diligentiores
526 3344 607 3423 plura
628 3361 737 3421 genera
751 3344 872 3417 iaciunt,
895 3362 1072 3422 purpureas,
1101 3348 1159 3405 cri·

170 3442 248 3503 opas,
265 3424 475 3506 Cappadocias,
493 3426 629 3504 Graecas,
646 3427 785 3504 longioris
800 3427 851 3489 has
865 3426 916 3487 loli
932 3428 1079 3508 caulisque
1095 3431 1158 3508 lati,
