2552 3866
180 172 238 232 154
516 181 547 229 c.
564 181 660 228 eurus
676 178 825 226 succum

70 327 100 416 l„
175 337 240 396 viae
255 336 352 396 iamin
373 334 499 395 lucernis
516 333 606 410 iungi.
640 333 666 393 si
684 331 816 394 llexuose
834 331 935 394 volitet
957 333 1087 408 damma,
1108 351 1179 394 ven·

77 415 92 450 ”
134 428 259 484 testum.
283 419 442 495 ethnica,
459 435 522 478 cum
536 435 575 476 ex
589 433 657 476 sese
674 416 802 477 flammas
812 414 932 476 elidunt
943 427 990 478 aut
1006 419 1054 476 vix
1074 433 1178 481 accen·

176 506 289 578 duntur,
301 504 371 564 item
379 520 442 562 cum
451 503 480 562 in
487 517 580 562 aeneo
592 500 736 578 pendente
746 499 889 561 scintillae
898 509 1118 578 coacervantur,
1129 502 1180 564 vel

176 605 239 650 cum
259 586 429 648 tollentibus
447 584 521 646 ollas
540 583 629 644 carbo
651 583 851 659 adhaerescit,
873 593 921 645 aut
943 602 1006 646 cun
1027 593 1179 647 contectus

160 673 250 749 iguis
266 689 284 731 e
300 689 333 731 se
350 670 477 732 favillam
490 668 605 730 discutit
621 666 811 728 scintillamve
830 667 948 744 emittit,
963 669 1012 728 tel
1030 685 1093 728 cum
1107 671 1201 731 ciniso

176 757 205 816 ιιι
226 755 297 817 ioco
312 755 480 816 concrescit
493 760 600 812 etcum
617 749 706 810 carbo
720 752 908 812 vehementer
922 750 1117 831 perlucet.

134 849 186 905 359
235 838 319 919 (85)
341 835 395 900 Est
416 846 445 897 et
467 851 604 914 aquarum
625 834 814 910 significatio:
846 851 926 895 mare
945 837 970 896 si
997 836 1179 913 tranqqillum

174 926 204 984 in
223 931 309 1001 portu
331 920 478 982 cursitabit
492 917 737 980 murmurabitve
729 927 802 979 rutra
822 935 873 994 se,
895 928 1009 979 ventum
1027 921 1178 999 praedicit,

176 1007 291 1068 aridem
305 1005 409 1079 hieme,
429 1011 458 1062 et
469 1001 599 1062 imbrem.
624 1002 747 1062 litora
723 1019 864 1080 ripaeque
873 1021 898 1062 ιι
891 1002 1086 1063 'resonabunt
1102 1007 1206 1066 transt

177 1090 278 1189 quillo,
294 1105 427 1166 asperam
442 1095 658 1164 tempestatem,
675 1087 743 1145 item
757 1087 843 1146 maris
858 1088 948 1165 ipsius
962 1087 1116 1165 tranquillo
1130 1106 1177 1148 so·
1188 1106 1213 1148 ro

176 1175 251 1233 nutus
259 1187 416 1249 spumaeve
428 1171 579 1248 despensae
589 1178 635 1230 aut
645 1187 738 1249 aquae
746 1169 900 1232 ballantes
919 1171 1090 1249 pulmones
1078 1189 1178 1232 martur

176 1258 204 1316 in
213 1255 321 1334 pelago
333 1255 455 1333 plurium
467 1253 577 1315 dierum
587 1253 711 1312 hiemem
723 1253 906 1352 portendunt.
920 1271 1010 1333 saepe
1022 1264 1051 1314 et
1062 1255 1177 1317 silentio

159 1337 338 1400 'intumescit
359 1338 514 1414 datumque
530 1337 615 1397 altius
633 1336 742 1397 solito
733 1354 788 1396 tam
802 1338 875 1398 intra
890 1356 924 1397 se
936 1357 1004 1400 esse
1019 1348 1128 1399 ventos
1135 1340 1176 1400 ia-

175 1432 262 1484 tetur.
397 1461 400 1470 ·
1089 1466 1091 1472 ι

134 1517 186 1572 360
251 1504 335 1586 (86.)
355 1505 517 1583 lit-quidm
529 1512 558 1563 et
568 1505 702 1564 montium
714 1504 822 1564 sonitus
837 1521 1042 1584 nemorumque
1053 1507 1175 1583 mugitus
1188 1526 1213 1568 ιι
1266 1531 1267 1554 1

176 1590 364 1670 praedicunt,
380 1599 411 1649 et
433 1589 496 1648 sinc
519 1605 588 1649 aura
603 1606 677 1666 quae
696 1589 835 1648 sentiatur
856 1587 926 1649 folia
944 1589 1081 1667 ludentia,
1096 1591 1177 1650 lanu·
1266 1599 1267 1674 l

178 1692 217 1753 go
234 1675 336 1756 populi
353 1681 400 1735 aut
415 1673 516 1752 spinae
532 1671 656 1732 volitans
673 1673 812 1750 aquisque
827 1671 923 1752 pluma
937 1674 1076 1749 innatans,
1092 1684 1178 1754 atque

179 1760 264 1818 etiarn
279 1759 307 1818 in
325 1758 432 1836 campis
447 1765 595 1816 venturam
616 1756 1016 1836 tempestatempraeeedens
1036 1775 1103 1816 suus
1120 1757 1177 1818 ira·

179 1859 243 1920 gor.
277 1841 351 1903 caeli
366 1841 480 1918 quidem
497 1857 622 1900 murmur
639 1839 696 1900 uo'n
709 1840 822 1900 dubiam
833 1839 1069 1918 significationem
1080 1839 1178 1906 habet.

136 1934 187 1989 361
257 1924 341 2002 (87.)
363 1923 551 2000 Praesagiunt
569 1932 598 1982 et
616 1923 763 2003 animalia:
794 1922 921 2001 delphini
938 1925 1091 2004 tranquillo
1106 1927 1213 1986 mariao
1265 1933 1266 1938 ’

179 2009 363 2066 lascivientes
388 2006 485 2065 datum
513 2025 552 2066 ex
577 2024 634 2085 qua
658 2009 774 2068 veniunt
793 2017 891 2085 parte,
914 2007 982 2067 item
1004 2019 1176 2086 spargentes

179 2107 297 2167 aquam,
319 2090 404 2150 iidem
423 2088 538 2149 turbato
561 2092 802 2170 tranquillitatem.
838 2090 941 2168 lolligo
956 2092 1090 2168 volitans,
1108 2110 1176 2153 cou-

180 2172 253 2233 chae
264 2173 522 2271 adhaerescentes,
539 2173 633 2234 echini
644 2174 804 2252 adfigentes
816 2191 884 2234 sese
899 2184 946 2234 aut
957 2175 1064 2236 harena
1076 2176 1177 2242 sabur-

138 2258 275 2318 rantes
291 2258 471 2335 tempestatis
487 2258 568 2354 signa
581 2267 655 2334 sunt,
671 2275 758 2318 ranae
772 2273 890 2335 quoque
904 2257 978 2318 ultra
993 2259 1109 2318 solitum
1125 2277 1176 2319 vo·

137 2349 189 2404 362
195 2341 273 2402 cales
286 2349 315 2399 et
326 2339 434 2401 iultcae
442 2341 579 2400 matutino
593 2342 741 2416 clangore,
757 2341 825 2401 item
835 2343 927 2418 mergi
939 2349 1096 2432 anatesque
1115 2346 1176 2423 pin·
1185 2363 1212 2403 aa

178 2442 230 2484 nas
240 2431 338 2484 rostro
349 2432 506 2503 purgantes
516 2431 631 2483 ventum
639 2433 842 2501 ,caesaeque
857 2417 1017 2502 aquaticae
1021 2439 1092 2486 aves
1108 2445 1176 2488 con·

181 2515 340 2568 cursantes.
370 2523 459 2583 grues
473 2507 501 2565 in
516 2506 725 2568 mediterranea
741 2508 909 2569 festinantes
916 2511 1050 2586 ,mergi‚
1071 2514 1177 2586 gaviae

179 2591 267 2648 maria
284 2599 331 2650 aut
349 2600 449 2666 stagna
467 2589 623 2666 fugientes,
637 2608 725 2688 grues
743 2591 857 2651 silentio
871 2607 925 2669 per
942 2591 1063 2652 sublime
1074 2593 1175 2655 volan·

178 2681 224 2733 tes
242 2674 436 2734 serenitatem.
459 2675 502 2732 sic
524 2683 628 2734 noctua
645 2675 673 2733 iu
687 2673 776 2734 imbre
793 2674 924 2752 garrula,
943 2684 972 2735 at
987 2680 1097 2738 sereno
1104 2687 1176 2738 tem·

179 2743 337 2835 pes'tatem‚
359 2759 498 2836 curvique
518 2757 641 2834 singultu
665 2757 787 2835 quodam
803 2758 940 2820 latrantes
962 2778 1052 2837 seque
1069 2778 1175 2822 concu·
1165 2759 1214 2818 -ιι

180 2842 299 2919 tientes,
320 2841 346 2900 si
367 2839 583 2916 continuabunt,
601 2851 720 2916 ventos,
738 2843 763 2900 si
784 2857 855 2899 vero
876 2844 996 2921 carptim
1011 2861 1113 2906 uocem
1130 2863 1175 2904 re-

131 2923 369 3002 decumbebant,
389 2933 540 2984 ventosum
553 2922 681 2986 imbrem.
709 2923 820 3001 graculi
837 2939 904 2984 sero
922 2944 949 2986 a
958 2926 1071 3004 pabulis
1090 2945 1175 2988 rece·

180 3008 281 3078 dentes
301 3007 438 3082 hiemem,
463 3015 493 3067 et
509 3005 593 3068 albae
617 3026 687 3068 aves
705 3025 768 3066 curu
788 3009 1040 3086 congregabuntur
1058 3021 1087 3071 et
1110 3030 1176 3072 eum

179 3100 335 3150 terrestres
346 3090 481 3150 volucres
495 3099 594 3151 contra
605 3109 706 3170 aquam
718 3090 871 3167 clangores
884 3090 989 3152 dabunt
999 3095 1174 3172 perhvnden·

179 3181 284 3252 tesque
306 3191 391 3249 sese,
411 3175 465 3236 scd
486 3190 617 3236 mamare
638 3175 754 3250 cornix,
772 3173 892 3237 hirundo
908 3182 964 3236 tam
978 3177 1056 3238 iuxta
1071 3195 1210 3254 squamas

180 3256 303 3316 volitans
316 3266 348 3316 ut
361 3259 445 3334 pinna
460 3275 550 3335 saepe
568 3259 720 3354 percutiat,
736 3274 870 3336 quaeque
884 3259 912 3317 in
927 3259 1075 3322 arboribus
1091 3258 1172 3321 habi-

179 3347 240 3398 tant
257 3338 410 3417 fugitantes
426 3338 488 3380 **
479 3359 508 3400 ιι
524 3341 597 3402 nidis
611 3343 681 3401 suis.
710 3349 740 3400 et
757 3358 875 3401 anseres
889 3345 1022 3404 continuo
1035 3333 1189 3420 clangore

180 3422 379 3501 intempestivi,
392 3425 502 3485 ardea
493 3442 522 3483 m
535 3425 639 3486 mediis
650 3423 765 3484 harenis
782 3425 881 3487 tristis.
