2534 3866
197 229 237 292 36
552 235 584 284 c.
605 235 702 286 auum
723 233 871 282 ssconm

158 405 209 460 195
267 395 351 474 (76.)
368 393 408 472 [1]
417 391 524 454 baricis
536 401 566 453 et
576 391 667 467 magis
677 387 779 450 abietis
793 387 914 447 succisis
925 403 1006 447 umor
1016 385 1063 446 diu
1075 383 1182 445 debuit.

199 480 254 538 hae
270 480 391 537 omnium
403 477 536 537 arborum
550 475 704 536 altissimae
718 491 753 533 ac
767 471 954 531 rectissimae.
980 470 1091 529 uarium
1102 467 1184 528 malis

201 563 396 640 antemnisque
414 569 535 640 propter
554 558 700 618 leuitatem
719 554 881 634 praefertur
902 554 992 614 abies.
1029 553 1184 613 communia
1257 599 1258 628 ,

200 646 244 706 his
271 645 396 724 pinoque
419 653 450 703 ut
474 641 702 721 quadripertitos
729 654 865 698 venarum
892 656 992 698 cursus
1023 636 1185 713 bifidosque

200 729 325 789 habeant
345 728 392 788 vel
414 729 526 786 omnino
547 723 695 802 simplicis.
728 721 873 781 fabrorum
895 723 923 781 iu
944 721 1075 782 intestina
1094 735 1207 797 operas

201 811 326 873 medulla
344 810 462 870 sectilis.
492 817 607 887 optuma
622 805 837 884 quadripertitis
860 806 994 864 materies
1021 813 1050 864 et
1071 802 1186 862 mollior

160 905 211 960 196
224 913 306 973 quam
319 902 444 953 ceterae.
468 891 631 950 intellectus
646 890 673 948 in
683 890 791 948 cortice
801 890 928 966 protinus
941 888 1050 966 peritis.
1074 885 1186 946 Abietis

160 1002 194 1038 aas
204 997 277 1056 quae
292 995 358 1055 pars
373 993 388 1034 a
405 983 482 1035 terra
498 974 550 1034 luit
567 971 668 1033 enodis
683 981 739 1032 est.
768 971 841 1032 haec
862 988 917 1050 qua
941 971 1061 1031 diximus
1075 970 1186 1029 ratione

202 1063 315 1122 lluviata
331 1058 524 1118 decorticatum
533 1061 623 1136 atque'
633 1057 671 1118 ita
683 1058 819 1134 sappinus
831 1063 961 1130 vocatur,
974 1054 1107 1132 superior
1118 1055 1202 1132 pars·

201 1145 311 1204 nodosa
326 1140 479 1217 duriorque
495 1141 632 1201 iustema.
661 1149 690 1200 et
701 1141 729 1200 iu
742 1140 812 1219 ipsis
825 1148 918 1199 autem
933 1137 1084 1198 arboribus
1098 1135 1184 1195 robu
1196 1154 1218 1196 ro

202 1229 308 1287 stiores
322 1224 483 1301 aquiloniae
499 1235 613 1304 partes,
635 1233 664 1283 et
687 1225 716 1282 in
736 1232 824 1284 totum
844 1223 1007 1283 deteriores
1031 1239 1069 1280 ex
1084 1219 1187 1280 umidis

201 1308 376 1387 opacisque,
398 1308 552 1384 spissiores
573 1326 612 1368 ex
629 1308 734 1385 apricis
749 1307 958 1368 ac'diuturnae.
992 1306 1059 1365 ideo
1077 1303 1187 1363 Romae

161 1403 210 1458 197
221 1391 347 1450 infernas
363 1389 443 1449 abies
457 1393 603 1468 supernati
615 1390 785 1468 praefertur.
811 1388 926 1466 llatper
936 1406 968 1448 se
980 1389 1105 1466 gentium
1115 1405 1187 1467 quo·
1257 1417 1258 1464 3

203 1493 259 1554 que
274 1475 302 1533 in
317 1474 360 1534 luis
376 1472 544 1538 differentia.
575 1473 697 1550 Alpibus
712 1471 942 1552 Appenninoque
962 1472 1187 1545 laudatissimae,
1257 1483 1258 1524 t

202 1562 230 1618 in
251 1557 358 1631 Gallia,
379 1555 491 1616 iuribus
512 1575 548 1618 ao
568 1565 664 1615 moute
683 1557 820 1634 vosego,
843 1557 871 1615 in
887 1554 1024 1632 Corsica,
1045 1555 1187 1639 Bithynia,
1198 1577 1219 1614 rs
1257 1613 1258 1638 ,

202 1643 304 1718 Ponto,
323 1639 501 1701 Macedonia.
529 1639 657 1702 deterior
670 1638 828 1700 Aeuesttca
844 1647 874 1699 et
883 1640 1036 1714 Arcadica,
1052 1655 1188 1717 pessuma

202 1726 337 1786 Parnasia
353 1733 382 1785 et
397 1723 536 1799 Euboica,
548 1723 681 1804 quoniam
690 1739 820 1784 ramosae
834 1723 873 1784 ibi
885 1732 914 1784 et
925 1731 1074 1784 contortae
1088 1732 1187 1802 putre·

204 1818 378 1886 scentesque
395 1808 497 1868 facile..
520 1814 548 1866 at
564 1806 667 1866 cedrus
682 1803 815 1882 iuGreta,
830 1807 941 1885 Airica,
953 1808 1037 1884 Syria
1051 1807 1188 1866 laudatis·

204 1896 284 1953 sima.
315 1891 394 1951 cedri
408 1890 475 1950 oleo
492 1898 630 1968 peruncta
649 1890 783 1948 materies
807 1909 861 1952 neo
881 1893 984 1952 tineam
1005 1908 1060 1951 uec
1081 1892 1189 1950 cariem

164 1986 215 2041 198
224 1976 318 2035 sentit.
352 1973 478 2051 lunipiro
501 1972 601 2032 eadem
621 1973 711 2032 uirtus
732 1979 806 2052 quae
829 1975 925 2034 cedro.
961 1984 1042 2035 vasta
1064 1973 1137 2034 baec
1160 1975 1220 2032 inno

205 2059 339 2137 Hispania
353 2073 541 2136 maxumeque
556 2056 709 2116 Vaccaeis.
738 2054 860 2116 medulla
877 2061 938 2118 eius
952 2059 1122 2136 ubicumque
1140 2074 1189 2116 so

203 2142 289 2202 lidior
309 2142 393 2201 etiam
413 2157 496 2220 quam
517 2140 630 2200 cedrus.
668 2137 813 2199 Publicum
832 2142 952 2200 omnium
967 2143 1064 2200 vitium
1084 2149 1192 2201 vocant

205 2227 315 2304 spiras,
336 2223 384 2284 ubi
400 2224 575 2286 convolvere
590 2239 730 2283 serenae
752 2222 929 2299 atquenodi.
960 2223 1139 2282 inueniuntur
1163 2226 1190 2284 iu
1256 2227 1257 2232 ’

204 2307 388 2387 quibusdam,
411 2309 486 2367 sicut
507 2307 536 2366 iu
554 2323 711 2379 marmore,
733 2313 846 2377 centra,
867 2303 895 2363 id
916 2311 960 2362 est
979 2303 1080 2364 duritia
1102 2307 1190 2368 clavo
1256 2357 1257 2360 ,

205 2392 321 2465 similis,
342 2392 452 2452 inimica
470 2390 569 2448 serris.
598 2398 628 2446 et
642 2386 780 2465 quaedam
798 2384 874 2445 iorte
891 2386 1023 2446 accidunt
1042 2389 1070 2446 in
1091 2390 1221 2469 lapideus
1256 2403 1257 2484 p

205 2473 407 2551 comprehenso
424 2479 473 2531 aut
486 2479 607 2548 recepto
619 2471 649 2528 iu
665 2485 770 2547 corpus
784 2478 832 2528 aut
846 2469 964 2530 alterius
974 2470 1087 2531 arboris
1097 2491 1190 2534 ramo.
1256 2485 1257 2500 ¹

164 2556 267 2634 199121
291 2553 416 2632 llegaris
437 2553 484 2614 diu
507 2553 585 2613 stetit
606 2553 734 2614 oleaster
753 2553 781 2610 in
801 2551 883 2629 loro,
904 2555 950 2614 cui
964 2555 1018 2614 viri
1031 2555 1124 2616 iortes
1140 2559 1191 2618 ad·

206 2639 326 2698 lineraut
347 2655 439 2713 arma,
466 2654 539 2715 quae
562 2637 672 2697 cortice
693 2635 834 2696 ambiente
853 2647 934 2699 aetas
953 2637 1040 2716 longa
1061 2640 1190 2700 occulta·

205 2731 300 2796 verat,
327 2721 436 2798 luitque
458 2720 546 2781 arbor
569 2720 618 2780 illa
642 2718 736 2780 iatalis
759 2720 872 2781 excidio
900 2720 977 2781 urbis
1002 2725 1191 2800 praemonitis

205 2804 342 2879 oraculo,
365 2822 428 2864 curu
444 2803 530 2864 arbor
544 2819 621 2864 arma
638 2803 817 2882 peperisset,
845 2805 921 2882 quod
938 2807 1069 2866 succisae
1084 2805 1225 2868 aceidit³⁰

206 2889 301 2948 ocreis
321 2887 472 2966 galeisque
493 2888 567 2948 intus
581 2888 715 2965 repertis.
745 2885 852 2948 Ferunt
867 2887 976 2966 lapides
997 2891 1034 2949 ita
1054 2891 1190 2950 inventos

163 2972 262 3036 tooad
281 2971 468 3032 continendos
485 2980 583 3049 partus
607 2988 673 3030 esse
694 2970 832 3030 remedio.
861 2972 912 3032 40.
940 2972 1122 3050 Amplissima
1143 2991 1189 3032 ar·

204 3055 305 3114 borum
326 3055 361 3116 ad
385 3055 441 3114 lroo
461 3055 525 3114 aeui
539 3055 722 3116 'existimatur
745 3051 853 3114 Romae
878 3057 939 3114 visa
962 3072 1044 3132 quam
1066 3065 1190 3134 propter

204 3139 369 3200 miraculum
393 3136 524 3198 Tiberius
549 3137 659 3197 Caesar
686 3137 714 3195 in
737 3135 840 3197 eodem
864 3147 951 3215 ponte
976 3139 1189 3198 naumachiario

206 3230 381 3299 exposusrat
406 3221 554 3280 advectam
582 3238 645 3280 cum
671 3219 781 3297 reliqua
803 3221 937 3296 materie,
962 3221 1129 3300 duravitque
1151 3223 1226 3282 adas

204 3303 327 3364 Neronis
341 3303 735 3384 principis'ampbitheatrum.
765 3302 817 3362 iuit
828 3310 922 3362 autem
938 3304 1066 3364 trabese
1085 3305 1189 3381 larice,
1255 3355 1256 3360 ,

205 3388 291 3464 ionga
307 3387 397 3466 pedes
412 3400 480 3448 cxx
494 3386 621 3464 bipedali
633 3385 822 3446 ‘crassitudine
838 3388 981 3465 aequalis,
1002 3405 1058 3465 quo
1074 3387 1188 3450 intelle·

203 3469 326 3547 gebatur
340 3472 388 3530 vix
405 3471 551 3531 credibilis
566 3469 676 3547 reliqua
695 3469 810 3533 altitudo
831 3469 972 3548 fastigium
996 3472 1030 3531 ad
1049 3489 1190 3533 cacumen
1255 3473 1256 3510 i
