2538 3864
353 209 856 288 uar.nrsn.xx1.no(sa—at.)
1039 209 1104 272 259

46 428 49 440 ι
112 373 280 455 cipientihus
298 375 328 432 in
341 375 408 434 nino
423 372 771 452 decoctum,n01neribus
786 391 905 456 qnoque
919 378 961 436 sic
974 360 1102 439 inlinunt

110 459 250 520 secundas
267 457 415 527 mulierum
433 467 589 536 partusque
606 467 751 519 emortuos
767 459 860 539 pellit,
882 460 950 520 item
964 459 1084 522 dolores
1093 470 1146 527 146

111 542 253 622 corporis.
284 541 399 602 vesicas
414 543 510 620 inanit,
532 541 682 620 epiphoris
700 543 836 602 inlinitur.
859 561 915 604 nec
932 543 1026 621 magis
1048 545 1103 606 alia

109 625 197 687 herba
223 625 357 685 convenit
379 624 587 686 medicamento
606 625 684 704 quod
709 625 962 708 alexipharmacon
986 638 1102 688 vocant

89 708 256 770 ostomacho
272 717 366 768 tannen
385 709 484 770 inutile
508 726 576 768 msc
592 713 735 788 caputque
755 727 794 770 eo
810 711 914 790 inpleri
929 719 959 770 et
973 709 1104 772 abortum

109 794 168 854 lieri
185 801 256 871 poto
274 792 362 870 aliqui
379 801 494 870 negant.
526 802 555 854 et
575 793 747 870 religionem
764 793 889 872 addunt,
912 794 960 856 ahi
983 795 1146 859 insen-147

107 887 163 938 tnm
178 877 228 953 sit,
252 878 382 955 protinus
398 876 609 954 adalligandum
625 885 726 937 contra
741 877 890 938 oculorum
908 877 1103 955 subfusiones,

109 959 323 1039 cavendumque
338 977 376 1019 na
388 968 493 1020 terram
507 961 636 1037 attingat.
667 960 696 1020 hi
711 969 740 1022 et
753 961 824 1021 totta
839 963 902 1022 eius
918 962 1016 1038 thynno
1029 962 1105 1021 sirni-

108 1045 145 1105 lia
160 1043 289 1119 tradunt,
307 1045 361 1103 nisi
377 1043 454 1122 qood
468 1043 600 1103 molliora
616 1052 681 1104 sunt
695 1053 724 1124 pt
738 1044 879 1108 lanatiore
895 1045 1008 1108 canitie.
1042 1063 1105 1105 cnm

76 1137 168 1188 rorata
184 1127 313 1188 silvestri
330 1135 360 1187 et
374 1129 399 1187 si
413 1136 523 1187 teratur
537 1145 574 1196 err
590 1144 664 1206 aqna
681 1127 817 1205 caelesti,
838 1128 955 1208 aspidas
973 1129 1106 1206 mitigare

9 1267 18 1280 ,
108 1211 228 1288 dicitnr,
262 1220 293 1272 et
310 1227 366 1270 non
390 1229 476 1271 secus
504 1219 591 1289 atque
617 1211 730 1287 cytinus
760 1212 910 1290 adstringit
935 1222 965 1273 et
988 1212 1106 1273 cohibet

108 1296 226 1356 volnera
241 1294 434 1375 prohibetque
450 1309 582 1373 serpere.

170 1391 253 1472 (85.)
275 1392 476 1468 holochrysos
492 1391 623 1453 medetur
638 1385 817 1471 stranguriae
833 1395 860 1454 in
875 1395 953 1470 vino,
970 1404 1000 1457 et
1015 1401 1150 1458 ocu-148

110 1479 201 1538 lorum
216 1477 365 1556 epiphoris
380 1477 475 1551 inlita,
506 1493 569 1536 oum
594 1475 679 1536 faece
694 1495 765 1536 vero
785 1479 842 1537 vini
864 1488 989 1538 cremata
1010 1488 1039 1538 et
1053 1496 1105 1557 po·

76 1561 187 1621 relenta
202 1557 331 1619 lichenas
353 1560 495 1620 emendat.
522 1557 736 1634 chrysocomes
750 1561 832 1620 radix
849 1561 988 1637 calefacit
1005 1571 1035 1620 et
1056 1563 1105 1621 ad-

111 1643 233 1719 stringit.
279 1642 360 1700 datur
385 1644 464 1720 potui
491 1640 526 1700 ad
550 1641 708 1702 iocinerum
733 1645 817 1719 vitia,
838 1643 905 1703 item
931 1644 1105 1721 pulmonum,
1132 1711 1136 1722 ,

109 1726 215 1786 volvae
229 1723 349 1783 dolores
369 1725 397 1782 in
418 1741 490 1801 aqua
505 1723 595 1784 rnolsa
612 1725 742 1786 decocta.
778 1728 837 1786 ciet
854 1735 1015 1803 menstrua,
1037 1736 1066 1788 et
1081 1728 1105 1786 si

111 1810 199 1873 cruda
216 1807 314 1883 detor,
334 1805 557 1885 hydropicorum
573 1825 683 1886 aquam.
733 1879 737 1894 Ι

173 1923 258 2006 (86.)
281 1922 504 2004 hlelissophyllo
533 1927 594 1984 sive
622 1925 784 1985 melittaena
815 1927 839 1986 si
871 1934 1086 2005 perunguantur
1098 1934 1149 1988 149
1190 1911 1192 1924 ’

9 1989 16 2016 ⁸
73 2035 100 2075 20
110 2011 185 2086 alvi,
201 2021 259 2068 non
273 2008 385 2086 fugient
400 2026 487 2087 apes,
501 2006 580 2068 nullo
596 2011 669 2068 enim
683 2009 774 2087 magis
789 2007 861 2070 dore
878 2010 1014 2086 gaudent.
1041 2024 1105 2069 sco·

111 2094 157 2174 pis
185 2093 247 2152 eins
274 2092 405 2151 examina
430 2090 566 2152 facillime
591 2093 776 2152 continentur.
810 2093 885 2154 idem
908 2093 1105 2171 praesentissi-

111 2194 186 2237 mum
203 2184 247 2234 est
265 2184 364 2235 contra
381 2175 455 2234 ictus
476 2191 573 2235 earum
589 2193 797 2255 vesparumque
814 2184 843 2235 et
863 2175 1009 2251 similium,
1033 2177 1107 2237 sient

112 2276 297 2336 araneorum,
320 2261 387 2318 item
410 2260 610 2336 scorpionum,
632 2261 700 2318 item
724 2269 822 2320 contra
845 2258 994 2321 volvarum
1016 2267 1105 2319 stran-
1172 2287 1174 2291 ·

108 2344 276 2422 quietiores
297 2342 393 2402 addito
408 2344 499 2418 nitro,
533 2351 631 2403 contra
650 2345 769 2403 tormina
791 2361 807 2402 e
829 2343 906 2404 rino.
939 2343 1010 2404 folia
1026 2342 1087 2402 eins
1099 2352 1151 2408 150

73 2443 102 2486 aa
114 2427 227 2486 strumis
249 2425 400 2486 inlinuntur
416 2434 445 2485 et
471 2425 548 2486 sedis
562 2427 637 2486 vitiis
663 2443 727 2486 cum
754 2427 826 2488 sale.
856 2425 995 2488 decoctae
1021 2443 1107 2485 sucus

47 2569 49 2576 Α
112 2511 233 2571 feminas
247 2519 350 2588 purgat
367 2518 395 2569 et
409 2508 643 2570 inflammationes
655 2509 768 2571 discutit
785 2520 814 2570 et
828 2511 927 2570 ulcera
939 2518 1029 2570 sanat.
1062 2527 1107 2569 ar·

113 2592 263 2654 ticularios
284 2592 401 2653 morbos
418 2591 500 2652 sedat
515 2595 651 2672 canisque
666 2610 788 2654 morsus.
821 2594 942 2672 prodest
955 2593 1107 2670 dysinteri-

114 2681 158 2738 cis
176 2675 323 2736 veteribus
339 2686 368 2736 et
389 2674 542 2751 coeliacis,
564 2678 779 2756 orthopnoicis,
801 2671 939 2754 lienibus,
961 2675 1107 2758 uiceribqs

113 2761 253 2821 thoracis.
286 2759 425 2837 caligines
443 2760 591 2820 pomorum
616 2776 686 2820 suco
713 2777 775 2819 cum
793 2760 881 2822 melle
906 2761 1023 2837 inungui
1047 2761 1107 2818 exi·

75 2870 104 2913 :ro
112 2848 200 2906 mium
213 2841 343 2904 hahetur.

179 2953 262 3034 (87.)
284 2954 431 3016 dleiilotos
452 2971 567 3033 quoqne
594 2955 686 3014 ocnlis
705 2952 834 3013 medetur
858 2970 922 3013 oum
941 2952 1019 3012 luteo
1040 2949 1150 3013 ori151

113 3037 164 3102 aot
183 3041 233 3100 lini
254 3039 373 3098 semine.
403 3039 579 3098 maxillarum
593 3055 709 3118 qnoque
724 3036 841 3097 dolores
859 3036 928 3096 lenit
954 3043 982 3095 et
1007 3034 1109 3112 capitis

116 3141 182 3185 cnm
196 3139 337 3198 rosaceo,
357 3124 426 3183 item
447 3122 554 3182 annum
574 3139 590 3180 o
612 3138 699 3200 passo
726 3137 858 3199 quaeque
875 3121 903 3178 in
925 3117 1053 3179 manibus
1068 3117 1108 3176 in·

114 3215 278 3269 tumescunt
299 3205 347 3265 vel
370 3215 535 3282 erumpunt,
558 3205 696 3265 stomachi
715 3204 834 3265 dolores
849 3206 878 3263 in
897 3204 964 3262 vino
986 3201 1110 3264 decocta

75 3313 105 3353 aa
114 3291 165 3352 rel
177 3289 264 3352 cruda
277 3289 409 3366 tritaque.
424 3285 499 3348 idem
511 3289 633 3350 effectus
646 3297 675 3347 et
686 3287 842 3366 adrolras,
851 3287 894 3347 od
906 3288 987 3347 testis
996 3301 1066 3345 varo
1080 3291 1110 3342 et

116 3375 217 3437 sedern
239 3372 404 3453 prociduam
427 3389 557 3450 quaeque
578 3382 608 3433 et
628 3371 683 3431 alia
702 3371 741 3431 ibi
761 3373 817 3431 sint
839 3371 906 3430 vitia
926 3378 1045 3430 recente
1072 3383 1110 3428 ex

117 3476 194 3538 aqua
210 3458 332 3520 decocta
346 3456 395 3516 vel
417 3471 565 3534 expanso.
592 3454 706 3518 adiecto
719 3471 844 3518 rosaceo
861 3455 985 3597 inlppiqpr
999 3453 1034 3514 ad
1048 3469 1110 3514 car·
1128 3491 1134 3496 -
