2534 3866
252 199 255 205 ί
280 235 702 288 usr.n1sr.xvr1.ae-*24.
721 195 870 306 (co—37..)
1033 227 1072 290 85

79 392 271 471 experiuntur.
298 393 353 452 iam
372 391 486 470 quidem
502 395 530 452 e't
541 390 598 452 boc
609 393 637 450 in
653 391 763 450 luxuria
780 409 847 450 csse
864 394 972 470 coepit,
988 411 1073 472 prae·

78 475 259 554 grandesque
275 474 411 535 roborum
426 474 596 535 delicatiore
613 477 714 534 suntin
729 473 795 535 cibo
807 507 849 518 -
861 477 956 534 cossio
969 487 1073 539 vocant

78 595 116 606 -
130 569 218 637 etque
238 559 323 618 etiam
339 558 430 618 farina
445 553 566 636 saginati
587 558 616 618 lri
635 575 752 638 quoque
770 558 868 618 altiles
885 558 962 618 liunt.
993 578 1051 620 ma·
1063 572 1113 625 221

78 661 161 704 xurne
177 651 271 702 autern
287 640 420 702 arborum
435 641 493 702 lroc
507 643 631 702 sentiunt
645 642 711 720 piri,
727 641 804 717 mali,
816 641 874 718 tici,
890 644 981 702 miuus
998 660 1071 721 quae

17 732 22 746 ‘
60 743 192 794 samaras
219 735 283 786 seut
307 735 336 784 et
356 725 504 786 odoratae.
536 742 637 786 eorum
659 727 757 803 quiin
779 725 841 786 licis
865 727 1006 786 exsistunt
1026 727 1074 787 alii
1133 733 1140 746 '

11 825 12 844 ³
78 818 231 886 nascuntur
252 827 289 868 ex
310 809 398 886 ipsis,
416 809 491 869 alios
511 811 585 887 perit
603 810 652 888 qui
666 819 787 869 vocatur
803 818 951 886 cerastes,
974 827 1075 870 omnes

11 851 13 930 Ι
77 906 170 956 tamen
181 895 352 954 incerasten
363 892 520 969 ligurantur
534 910 693 970 sonumque
706 891 793 960 edunt
802 892 917 971 parvoli
929 895 1072 955 stridoris.

11 945 13 1014 l
78 988 106 1038 et
118 975 226 1036 sorbus
242 975 329 1036 arbor
344 976 494 1036 infestetur
509 977 675 1037 vermiculis
696 977 765 1036 ruiis
787 995 823 1036 ac
844 977 964 1054 pilosis,
986 987 1073 1058 atque
1177 993 1181 1001 “

11 1029 13 1124 l
77 1065 114 1122 ita
129 1061 276 1120 emoritur.
305 1060 427 1138 mespila
450 1076 565 1138 quoque
586 1061 615 1119 in
636 1069 755 1120 senecta
777 1059 902 1120 obnoxia
925 1063 952 1121 ei
971 1061 1073 1122 morbo

11 1169 12 1192 ³
49 1153 131 1210 uest.
175 1143 215 1223 [4]
245 1143 389 1204 sideratio
417 1152 478 1203 tota
502 1161 519 1204 e
542 1142 625 1204 caelo
647 1152 769 1204 constat.
812 1153 992 1223 quapropter
1019 1155 1114 1221 etutt

11 1237 13 1290 t
76 1227 186 1306 grando
202 1229 230 1286 in
247 1227 291 1286 his
306 1228 402 1288 causis
417 1227 548 1303 intellegi
570 1227 658 1287 debet
673 1235 703 1286 et
718 1227 934 1288 carbunculatio
950 1237 985 1298 ct,
995 1229 1073 1307 quod
1182 1233 1185 1236 ’

11 1315 13 1416 p
77 1313 240 1391 pruinarum
254 1312 354 1371 iniuria
369 1312 474 1370 evenit
503 1311 577 1372 haec
591 1313 665 1370 enim
677 1329 768 1370 verno
783 1319 888 1389 tepore
900 1313 1025 1373 invitatis
1041 1322 1071 1372 et

11 1423 13 1476 5
78 1411 231 1472 erumpere
247 1393 415 1454 audentibus
432 1397 501 1456 satis
513 1393 647 1455 mollibus
657 1395 785 1458 insidens
800 1395 893 1455 adurit
909 1396 1071 1458 lactescen-

11 1487 13 1550 t
78 1481 112 1539 tis
124 1479 284 1556 germinum
296 1477 410 1554 oculos,
421 1479 499 1558 quod
510 1481 538 1538 in
548 1478 622 1538 flore
636 1477 840 1539 carbunculum
854 1488 971 1538 vocant.
994 1482 1072 1558 prui-

11 1551 13 1642 f
49 1581 131 1624 onae
151 1561 343 1640 perniciosior
359 1571 469 1638 natura,
486 1564 620 1640 quoniam
637 1561 719 1638 lapsa
735 1562 865 1640 persidet
882 1563 1019 1640 gelatque
1038 1581 1072 1624 ac

11 1715 16 1726 ‚
76 1649 111 1706 ire
127 1661 199 1704 aura
215 1646 327 1722 quidem
342 1645 401 1706 ulla
417 1646 589 1723 depellitur,
607 1646 674 1722 quia
690 1662 747 1703 non
763 1645 793 1702 iit
808 1645 862 1704 nisi
878 1646 985 1704 inmoto
1003 1663 1071 1705 aere

78 1740 105 1791 et
125 1744 241 1790 sereno.
279 1730 426 1808 proprium
447 1737 541 1790 tamen
562 1728 746 1788 siderationis
768 1737 813 1786 est
833 1727 886 1786 sub
908 1736 971 1787 ortu
993 1730 1071 1788 canis

78 1813 247 1874 siccitatium
261 1829 369 1891 vapor,
387 1829 451 1870 cum
466 1812 549 1872 insite
563 1829 598 1872 ac
612 1811 747 1871 novellae
766 1810 887 1870 arbores
902 1810 1070 1886 moriuntur,

11 1969 12 1978 ἵ
78 1898 235 1976 praecipue
261 1895 333 1956 licus
358 1903 388 1954 et
411 1896 495 1954 vites.
535 1893 609 1954 Olea
633 1904 750 1973 practer
775 1895 1050 1970 vermiculationem,
1061 1895 1136 1960 me

11 2029 12 2032 η
49 2002 70 2043 rc
80 1997 162 2059 quarn
177 1995 272 2057 aeque
284 1995 319 2038 ac
331 1978 403 2038 licus
418 1979 514 2052 sentit,
528 1979 640 2038 clavom
652 1980 738 2040 etiarn
749 1977 863 2057 patitur,
879 1981 942 2040 sive
955 1979 1071 2056 iungam

79 2064 176 2142 placet
190 2061 248 2122 dici
263 2061 311 2120 vel
328 2061 472 2140 patellam.
499 2061 573 2122 haec
589 2069 635 2122 cst
650 2061 722 2122 solis
738 2063 861 2122 exustio.
887 2061 1003 2124 Nocere
1015 2073 1070 2142 tpa-

11 2187 13 2196 ‚
79 2147 117 2208 dit
135 2143 209 2206 Gato
223 2152 254 2206 et
270 2162 398 2204 muscam
414 2145 540 2206 rubrum.
568 2153 656 2203 nocet
675 2145 845 2223 plerumque
862 2145 968 2206 vitibus
984 2155 1070 2224 atque

11 2275 12 2292 r
80 2230 155 2290 oleis
169 2237 202 2292 et
217 2228 302 2289 nimia
317 2227 460 2288 fertilitas.
491 2225 615 2288 Scabies
633 2227 788 2288 communis
805 2228 928 2286 omnium
943 2237 997 2288 est.
1029 2228 1069 2286 in·

80 2313 178 2390 petigo
200 2322 229 2372 et
246 2331 320 2390 quae
341 2312 479 2388 edgrrasci
498 2311 595 2372 solent
615 2311 752 2386 cocleae,
774 2311 931 2389 peculiaria
952 2309 1071 2370 beorum

52 2399 159 2472 avitia,
174 2413 232 2464 nec
246 2395 361 2473 ubique.
393 2403 457 2456 sunt
477 2397 551 2456 enirn
572 2394 712 2474 quaedam
732 2393 928 2472 aegritudines
944 2402 974 2456 et
990 2393 1070 2453 loco·

81 2497 151 2540 mm.
182 2480 223 2557 [51
243 2477 351 2538 Verum
367 2487 396 2538 ut
409 2478 515 2540 bomini
526 2496 680 2540 nervorum
690 2481 834 2540 cruciatus
846 2478 890 2538 sic
905 2486 934 2537 et
945 2478 1051 2553 arbori,
1061 2486 1113 2540 224

11 2611 12 2624 2
82 2579 115 2622 ac
128 2562 242 2624 duobus
257 2579 350 2641 aeque
364 2561 466 2632 modis.
495 2571 543 2622 aut
559 2563 633 2624 enirn
646 2563 675 2620 in
686 2562 798 2640 pedes,
815 2561 871 2622 boc
887 2571 932 2623 cst
946 2563 1070 2636 radices,

83 2645 217 2723 inrumpit
230 2646 274 2706 vis
285 2645 388 2718 morbi,
406 2654 454 2706 aut
469 2646 498 2705 in
511 2646 661 2720 articulos,
675 2645 733 2706 hoc
749 2654 794 2705 est
810 2647 986 2706 cacuminum
1001 2647 1070 2721 digi-

83 2738 144 2804 tos,
161 2729 210 2806 qui
226 2728 391 2805 longissime
407 2747 424 2789 a
441 2735 502 2789 tcto
518 2745 644 2805 corpore
660 2737 775 2788 exeunt.
807 2729 971 2788 inarescunt
987 2746 1070 2805 ergo,

53 2822 112 2871 met
131 2820 198 2872 sunt
220 2811 295 2888 apud
311 2811 439 2874 Graecos
461 2829 511 2872 sua
538 2812 649 2872 nomina
670 2811 784 2887 utrique
805 2812 885 2870 vitio.
925 2810 1113 2887 undiquetae

83 2896 176 2973 primo
190 2893 286 2969 dolor,
297 2911 365 2954 rnox
380 2904 408 2954 et
421 2896 528 2956 macies
547 2911 644 2954 earum
658 2895 778 2973 partium
790 2893 911 2971 fragilis,
923 2903 1071 2974 postremo

83 2979 167 3038 tabes
181 2995 328 3055 morsque,
343 2993 400 3038 non
414 2980 535 3041 intrante
548 2992 619 3038 suco
633 2987 750 3037 autnon
764 2978 962 3054 perveniente,
976 2993 1072 3036 maxu-

11 3081 15 3138 p
84 3079 189 3142 meque
205 3061 234 3122 id
248 3061 295 3122 lici
310 3063 444 3122 sentiunt.
473 3060 633 3140 (lapriiicus
648 3061 777 3122 omnibus
798 3061 918 3122 inmunis
939 3069 985 3120 est
997 3075 1071 3136 quae

84 3145 179 3206 adbuc
193 3144 322 3205 diximus.
340 3144 466 3206 scabies
480 3146 605 3222 gignitur
620 3141 733 3204 roribus
744 3143 828 3204 lentis
842 3153 910 3222 post
923 3142 1071 3220 vergilias.

11 3259 12 3262 κ
54 3244 148 3289 acuam
164 3229 190 3288 si
205 3229 331 3288 rariores
344 3227 444 3303 fuere,
458 3227 666 3306 perfunduntne
681 3227 830 3302 arborem,
847 3244 904 3288 non
921 3221 1073 3306 scalpunt?

85 3312 186 3375 scabie
208 3320 238 3372 et
257 3313 354 3390 grossi
374 3309 534 3386 cadunt,**
557 3313 618 3372 sive
646 3311 752 3372 imbres
778 3310 853 3370 nimii
874 3311 965 3372 luere.
1014 3310 1071 3370 alio

11 3389 13 3474 ξ
85 3395 173 3459 modo
192 3394 264 3454 deus
285 3393 398 3454 laborat
417 3394 560 3456 radicibus
580 3393 707 3456 madidis.
744 3394 783 3474 [6]
806 3393 919 3454 Vitibus
935 3401 1115 3472 praeterito

11 3477 12 3492 l
84 3477 352 3542 vermiculationem
364 3486 393 3538 et
401 3478 603 3538 siderationem
614 3477 730 3538 morbus
746 3477 899 3556 peculiaris
912 3476 1071 3538 articulatio
