2534 3866
374 219 454 267 nnn.
470 215 560 266 men.
576 215 660 266 xvtr.
676 212 720 268 tt.
739 203 815 282 (at.)
1050 202 1091 266 87

99 371 267 435 corticibus.
299 379 328 432 et
339 359 500 450 aegrotatio
518 371 632 451 quidem
649 369 712 430 fere
728 371 757 430 iu
772 369 818 430 bis
833 379 890 430 estc
913 371 953 450 [el
977 368 1145 444 Quae-nea.

99 459 165 519 dam
186 459 345 535 temporum
370 473 476 517 causae
505 463 552 515 aut
577 455 706 516 iotomm
731 471 789 513 non
814 456 933 537 proprie
959 455 1090 514 dicantur

97 539 210 616 morbi,
228 541 360 618 quoniam
373 539 504 617 protinus
522 547 641 613 necant,
658 539 732 598 sicut
747 536 830 598 tabes
849 555 911 598 cum
926 539 1030 606 invasit
1045 557 1089 599 ar·
1104 535 1105 540 ’

98 624 204 684 horem
218 632 264 682 aut
280 622 370 683 uredo
384 623 432 683 vei
448 622 532 682 flatus
550 623 668 683 alicuius
683 622 812 698 regionis
827 623 983 700 proprius,
999 629 1028 680 ut
1046 630 1091 680 est

75 709 128 768 tin
145 706 251 785 Apulia
267 705 413 782 atabulus,
436 707 464 766 in
483 705 603 766 Euboea
618 703 774 784 Olympias.
804 705 853 765 lric
874 706 948 766 enim
969 705 994 763 si
1014 703 1092 764 flavit

99 791 179 850 circa
194 789 330 866 brumam,
342 790 453 867 frigore
469 791 561 850 exurit
574 787 747 864 arefaciens,
759 797 790 848 ut
803 789 889 849 nullis
904 797 1007 868 postea
1023 787 1091 846 soli-

98 873 153 933 bus
170 875 298 934 recreari
315 876 436 952 possint.
467 871 523 933 iroo
544 890 653 950 genere
676 870 825 932 conualles
843 881 872 931 et
892 872 1025 950 adposita
1040 867 1091 930 llu-
1154 935 1156 939 ,

98 955 221 1016 minibus
237 956 378 1034 laborant,
395 959 613 1037 praecipueque
625 957 700 1032 vitis,
715 956 792 1031 olea,
808 956 889 1034 licus.
914 956 993 1034 quod
1007 973 1070 1016 curn
1081 963 1135 1018 233

98 1041 190 1119 venit,
200 1039 351 1118 detegitur
366 1041 460 1102 statim
478 1041 506 1100 in
520 1039 737 1116 germinatione,
754 1041 783 1099 in
799 1039 875 1099 oliva
891 1035 1009 1099 tardius.
1037 1039 1091 1100 sed

64 1126 129 1184 toin
145 1123 274 1184 omnibus
292 1125 402 1201 signum
424 1133 468 1183 est
483 1121 699 1199 revivescendi,
724 1124 747 1183 si
768 1123 839 1182 felia
855 1125 999 1204 amisere,-
1019 1122 1090 1184 alic-

99 1209 168 1288 quiu
183 1225 253 1286 quas
265 1217 349 1286 putes
362 1207 559 1287 praevaluisse
575 1206 738 1267 moriuntur.
777 1225 985 1286 nonnumquam
998 1209 1090 1268 inare-

99 1299 183 1352 scuut
196 1290 266 1351 folia
282 1292 440 1370 eademque
455 1292 647 1352 revivescunt.
674 1291 748 1352 aliae
760 1291 789 1350 in
804 1291 1090 1370 septentrionalibus,

98 1385 130 1435 nt
145 1374 248 1450 Ponto,
266 1373 399 1452 Phrygia,
416 1375 525 1452 frigore
541 1379 588 1434 eut
605 1375 677 1452 gelu
687 1375 829 1451 laborant,
843 1376 867 1434 si
881 1385 948 1453 post
963 1375 1090 1435 brumam

100 1460 304 1520 continuavere
313 1473 358 1518 XL
370 1458 480 1518 diebus.
519 1467 548 1518 et
562 1457 602 1516 ibi
618 1468 711 1528 autem
726 1469 756 1518 et
770 1461 798 1517 in
812 1459 933 1540 reliquis
949 1459 1089 1537 partibus,

66 1555 91 1596 rt
101 1544 125 1602 si
142 1544 271 1620 protinus
283 1542 366 1601 editis
378 1542 517 1602 fructibus
528 1541 637 1618 gelatio
649 1560 749 1619 magna
762 1547 917 1602 consecuta
934 1550 988 1618 est,
1006 1544 1090 1603 ctiam
1183 1540 1186 1551 “

100 1627 200 1709 paucis
217 1623 317 1684 diebus
332 1635 426 1684 necat.
452 1626 493 1704 [9]
519 1626 600 1698 Quae
614 1626 714 1684 iniuria
727 1626 869 1685 hominum
885 1634 1015 1685 constant
1027 1637 1132 1689 scm

101 1725 165 1769 cum
180 1707 286 1768 habent
302 1725 413 1767 causas.
444 1711 504 1784 pix,
521 1709 627 1786 oleum,
644 1705 724 1786 adips
739 1710 851 1766 inimica
867 1709 1022 1786 praecipue
1038 1726 1088 1767 no·

100 1792 196 1852 veliis.
224 1788 341 1850 Cortice
360 1792 388 1850 in
400 1790 504 1850 ‘orbem
522 1792 652 1852 detracto
667 1801 815 1867 necantur,
829 1800 955 1869 excepto
972 1791 1089 1869 subere,

102 1872 179 1954 quod
205 1875 248 1934 sic
274 1876 358 1934 etiarn
385 1876 513 1949 iuvatur,
541 1893 726 1936 crassescens
753 1877 827 1935 enim
851 1877 1038 1952 praestringit
1061 1884 1090 1934 et

9 1985 10 1996 2
66 1958 269 2036 obstrangulat.
285 1975 341 2016 nec
355 1955 509 2018 andrachle
525 1959 686 2035 oiienditur,
700 1961 724 2019 si
739 1977 796 2019 non
811 1959 892 2018 simul
907 1959 1046 2020 incidatur
1061 1968 1090 2018 et

103 2060 219 2120 corpus.
262 2040 369 2117 alioqui
384 2050 413 2101 et
433 2058 552 2100 cerasus
570 2051 599 2100 et
614 2043 673 2102 tilia
688 2051 718 2101 et
730 2039 795 2102 vilis
812 2045 949 2102 corticem
967 2046 1087 2119 mittunt,

103 2125 156 2185 sed
182 2141 240 2184 non
259 2123 391 2198 vitalem,
412 2142 468 2182 nec
488 2141 654 2201 proxumum
677 2129 810 2204 corpori,
833 2143 933 2184 verum
954 2145 1017 2186 eum
1040 2131 1088 2206 qui

102 2207 295 2268 subnascente
307 2207 364 2266 alie
376 2205 541 2285 expellitur.
567 2207 746 2280 Quarundam
760 2218 858 2269 natura
872 2210 996 2267 rimosus
1009 2223 1131 2290 corase

101 2302 169 2367 tex,
189 2301 220 2350 ut
238 2290 370 2369 platanis.
403 2291 480 2351 tiliae
501 2293 661 2352 renascitur
683 2293 768 2371 paulo
790 2293 880 2351 minus
902 2309 985 2368 quam
1002 2300 1087 2352 totus.

9 2431 10 2450 ,
67 2395 93 2436 aa
103 2387 174 2452 ergo
189 2374 234 2434 his
244 2392 366 2452 *quarum
382 2373 545 2434 cicatricem
560 2370 645 2436 trahit
657 2376 807 2436 medentur
823 2375 883 2434 luto
900 2375 1033 2453 limoque.
1059 2373 1106 2454 'et

9 2455 10 2528 l
102 2457 255 2536 aliquando
270 2466 405 2536 prosunt,
422 2459 446 2516 si
460 2475 522 2527 non,
533 2460 730 2520 vehementior
744 2461 882 2538 frigorum
897 2467 945 2518 aut
961 2458 1094 2519 calorum.
1188 2515 1189 2520 ,

9 2543 10 2628 l
101 2544 145 2602 vis
160 2549 260 2601 secuta
275 2549 330 2601 est.
365 2541 505 2619 quaedam
524 2543 631 2603 tardius
648 2545 686 2604 ita
700 2545 871 2619 moriuntur,
893 2551 924 2602 ut
937 2543 1044 2605 robora
1060 2552 1089 2603 et

9 2633 10 2676 t
103 2641 237 2702 quercus.
266 2623 355 2684 refert
369 2633 399 2684 et
412 2635 523 2710 tempus
540 2629 613 2685 anni.
644 2627 731 2686 abieti
752 2629 825 2687 enim
844 2635 873 2686 et
891 2628 958 2705 pino
980 2632 1004 2688 si
1026 2629 1088 2707 quis

9 2707 10 2718 ’
103 2708 262 2768 detraxerit
276 2709 339 2780 sole
354 2717 463 2768 taurum
479 2707 527 2766 vel
546 2711 677 2785 geminos
698 2718 880 2784 transeunte,
903 2727 965 2770 cum
985 2714 1089 2788 germi·
1121 2731 1128 2747 ·
1169 2757 1172 2772 ,

68 2817 94 2858 su
103 2801 180 2867 nant,
197 2791 291 2850 stetim
304 2785 470 2867 moriuntur,
484 2791 602 2851 eandem
613 2793 741 2852 iniuriam
755 2794 849 2854 bieme
865 2811 969 2870 passae
985 2795 1088 2854 diutius

103 2875 237 2934 tolerant.
264 2875 393 2935 similiter
403 2876 465 2935 ilex
476 2883 506 2934 et
514 2874 603 2934 robur
615 2885 789 2955 etquerous.
818 2874 899 2949 Quae
914 2879 939 2936 si
953 2887 1130 2953 angustatbb

104 2957 292 3018 decorticatio
306 2959 369 3034 fuit,
386 2959 453 3018 nibil
469 2969 589 3018 nocetur
604 2977 689 3038 supra
708 2959 801 3037 dietis,
816 2959 1015 3020 infirmioribus
1028 2963 1087 3038 qui-

9 3059 13 3130 p
105 3041 170 3102 dem
190 3050 219 3100 et
238 3043 266 3100 in
281 3041 345 3100 solo
361 3042 461 3118 gracili
476 3042 524 3101 vei
539 3041 574 3102 ab
591 3060 645 3101 una
660 3052 765 3110 tantum
787 3053 868 3122 parte
885 3040 1030 3103 detractus
1048 3045 1088 3102 iu·

9 3175 10 3190 ,
103 3126 227 3185 teremit.
261 3125 387 3185 Similem
412 3132 441 3184 et
462 3126 687 3186 decacuminatio
709 3123 846 3188 ratibnem
866 3125 953 3185 babet
974 3129 1104 3205 piceae,-

70 3208 203 3283 aceedit,
221 3210 369 3286 cupressi.
412 3207 466 3267 bae
491 3209 565 3268 enim
587 3210 715 3270 detracto
739 3211 884 3270 cacumine
906 3217 953 3270 aut
975 3211 1088 3288 ignibus

105 3292 206 3352 adusto
235 3292 386 3351 intereunt.
419 3292 539 3351 similem
562 3301 591 3352 et
615 3293 747 3370 depastio
769 3293 936 3354 animalium.
969 3293 1068 3354 Oleam
1079 3303 1129 3358 23⁷

105 3375 218 3452 quidem
235 3375 320 3433 etiarn
335 3375 359 3432 si
375 3373 480 3434 lambet
497 3391 583 3452 capre
601 3376 786 3444 sterilesoere
803 3384 902 3436 auctor
924 3386 968 3437 est
984 3378 1087 3455 Varro,

104 3465 135 3516 ut
148 3457 276 3517 diximus.
301 3457 439 3536 quaedam
454 3457 508 3518 bac
523 3457 622 3520 iniuria
637 3463 801 3540 moriuntur,
819 3460 911 3537 aliqua
926 3456 1132 3544 deterioraiissi
