2552 3866
121 269 122 272 Ἴ
174 197 234 258 174
518 204 547 252 c.
566 205 660 252 assur
676 204 825 254 suenum

172 363 237 424 solo
261 359 403 439 gaudeat,
426 360 509 436 rigua
531 359 601 418 odit.
624 368 654 419 ct
672 368 768 420 tamen
782 358 961 438 proprietate
979 360 1099 440 quadam
1114 362 1167 422 soli

173 449 315 520 constant,
341 443 553 503 laudatissimus
574 444 603 502 in
617 442 773 521 Aegypto,
795 460 863 504 mox
884 442 982 504 Ostiae
1002 455 1087 522 atque
1106 446 1166 506 Ari·

173 531 245 592 ciae.
279 528 384 588 sectivi
406 527 463 586 duo
485 544 611 603 genera:
644 527 822 588 herbaceum
849 528 922 588 lolio
949 529 1081 590 incisuris
1108 531 1166 590 eius

172 611 353 675 evidentibus
371 627 428 688 quo
444 619 557 670 utuntur
572 610 827 688 medicamentarii,
844 612 966 673 alterum
981 631 1074 689 genus
1088 613 1164 672 llari·

171 699 259 759 dioris
275 695 327 754 ioli
343 695 586 774 rotundiorisque,
606 694 766 755 levioribus
783 697 925 756 incisuris.
948 695 1036 762 Fama
1050 696 1188 756 setlle-s

170 783 226 843 lam
243 780 387 859 equestris
404 779 530 854 ordinis,
553 797 638 838 reum
650 796 688 837 ex
703 781 908 856 procuratione
926 799 943 840 a
960 779 1077 841 Tiberio
1092 782 1164 860 prin·

171 869 237 944 cipe
258 865 447 938 accersiturus,
468 862 497 920 in
512 879 620 922 summa
635 864 839 940 desperatione
855 881 926 924 suco
942 865 1022 942 porri
1036 865 1072 924 ad
1085 865 1166 926 trium

170 949 352 1011 denariorum
368 955 571 1023 argenteorum
585 946 698 1024 pondus
714 946 818 1008 hausto
833 948 985 1008 confestim
1001 949 1166 1027 exspirasse

170 1037 232 1096 sine
247 1029 387 1092 'cruciatu
412 1029 583 1108 ampliorem
597 1030 711 1091 modurn
725 1041 832 1108 negant
848 1032 964 1094 noxium
977 1050 1054 1096 esse.

128 1133 175 1186 111
246 1112 329 1195 (34.)
347 1113 441 1173 Alium
458 1114 494 1173 ad
508 1113 595 1175 multa
607 1115 683 1175 ruris
696 1117 855 1194 praecipue
866 1117 1071 1178 medicamenta
1080 1116 1164 1194 prod·
1175 1132 1200 1174 ιι

172 1221 239 1264 esse
263 1200 398 1261 creditur.
428 1199 605 1260 tenuissimis
627 1207 656 1258 et
676 1217 753 1276 quae
775 1211 946 1278 separantur
963 1202 991 1259 in
1006 1201 1167 1260 universum

170 1281 490 1358 uelaturnrerrrbranis,
519 1299 588 1341 mox
600 1281 729 1359 pluribus
751 1293 966 1359 coagmentatur
983 1284 1110 1358 nucleis,
1139 1291 1168 1342 et

170 1372 215 1432 his
230 1369 383 1448 separatim
402 1366 522 1425 vestitis.
549 1365 647 1442 asperi
660 1365 774 1440 saporis
789 1381 847 1440 quo
860 1364 959 1441 plures
973 1366 1069 1426 nuclei
1082 1367 1167 1425 luere

170 1456 227 1515 lroc
240 1461 285 1512 est
296 1453 437 1530 asperius.
454 1448 577 1510 taedium
588 1447 654 1506 huic
664 1461 781 1523 quoque
793 1445 893 1522 halitu,
908 1455 938 1505 ut
950 1448 1041 1524 cepis,
1058 1447 1166 1508 nullum

130 1550 180 1602 112
190 1548 286 1597 tamen
310 1537 412 1595 ccctis.
455 1532 597 1593 Generum
612 1528 771 1590 differentia
787 1529 816 1588 in
830 1537 1018 1608 tempore-
1033 1547 1203 1608 praecoma

170 1621 337 1682 maturescit
358 1619 507 1694 sexaginta
528 1613 632 1675 diebus
650 1647 706 1686 --,
728 1620 785 1676 tum
806 1613 835 1674 in
856 1614 1060 1691 magnitudine.
1091 1613 1165 1692 ulpi-

172 1723 234 1766 cum
258 1721 374 1782 quoque
397 1704 426 1760 in
448 1700 505 1759 hoc
525 1717 635 1776 genere
660 1695 766 1757 Graeci
790 1697 980 1776 appellavere
1001 1699 1086 1760 alium
1100 1695 1165 1774 'Gy-

171 1791 273 1869 prium,
292 1787 339 1846 alii
354 1783 575 1856 antiscorodon,
592 1781 749 1858 praecipue
764 1781 882 1842 Africae
898 1781 1076 1844 celebratum
1091 1784 1166 1842 inter

170 1870 357 1953 pulmentaria
373 1867 464 1942 ruris,
485 1866 621 1942 grandius
636 1864 703 1926 alio.
732 1866 827 1924 tritum
843 1868 872 1924 in
887 1865 954 1927 oleo
970 1875 1000 1926 et
1016 1876 1100 1927 aceto
1115 1867 1165 1926 mi·

99 2023 102 2031 ¹
170 1966 232 2016 rum
254 1959 387 2028 quantum
400 1950 537 2022 increscit
556 1965 665 2026 spuma.
709 1948 829 2021 Quidam
845 1949 971 2028 ulpicum
990 1958 1020 2010 et
1035 1950 1121 2010 alium
1137 1951 1203 2010 ineo

171 2038 257 2116 plano
277 2035 336 2093 seri
356 2041 454 2096 uetant
475 2033 705 2110 camellatimque
725 2033 863 2109 grumulis
878 2034 977 2112 inponi
994 2034 1165 2095 distantibus

170 2124 245 2180 inter
266 2135 299 2178 se
320 2117 412 2197 pedes
434 2125 543 2176 ternos.
582 2118 656 2176 inter
678 2133 767 2193 grana
788 2117 868 2194 digiti
888 2132 944 2178 1111
956 2120 1100 2181 interesse
1115 2118 1165 2178 de·

170 2204 256 2279 beot,
282 2202 365 2263 simul
385 2210 472 2280 atque
489 2196 547 2262 tria
565 2201 638 2263 folia
658 2211 828 2279 eruperunt,
850 2203 941 2262 sariri.
971 2202 1167 2278 grandescunt

128 2298 181 2352 113
191 2305 248 2368 quo
262 2287 387 2365 ,saepius
407 2287 558 2346 sariuntur.
602 2284 853 2345 Maturescentium
874 2284 972 2346 caules
989 2285 1122 2364 depressi
1137 2286 1167 2344 in

170 2383 276 2433 terram
298 2371 464 2430 obruuntur.
492 2369 530 2428 ita
551 2377 668 2430 cavetur
687 2386 724 2426 ne
745 2369 773 2426 in
788 2369 919 2433 frondem
936 2370 1088 2429 luxurient.
1133 2368 1204 2429 lu2⁵

171 2455 282 2532 frigidis
304 2453 400 2512 nulius
421 2469 491 2510 vere
513 2452 571 2510 seri
586 2469 670 2528 quam
685 2461 826 2512 autumno.
851 2462 950 2513 cetero
967 2462 996 2513 ut
1011 2454 1102 2513 odore
1117 2471 1165 2512 ca-

170 2545 267 2612 reant,
284 2538 376 2595 omnia
393 2535 467 2593 haec
484 2534 616 2594 iubentur
633 2536 702 2610 seri,
719 2553 781 2599 cum
797 2535 862 2596 luna
878 2535 930 2598 sub
946 2546 1023 2596 terra
1039 2538 1085 2612 sit,
1103 2536 1165 2595 col·
1206 2525 1215 2544 '

171 2622 239 2697 ligi,
262 2639 325 2678 curn
346 2620 374 2677 in
400 2619 486 2677 coitu.
517 2618 643 2678 sine.his
657 2617 814 2680 Menander
830 2639 847 2680 e
866 2619 984 2683 Graecis
999 2629 1101 2681 auctor
1118 2628 1166 2680 est

171 2705 255 2763 alium
274 2701 440 2779 edentibus,
461 2703 487 2761 ‘si
501 2703 628 2762 radicem
640 2701 725 2762 hetae
739 2704 767 2762 in
783 2721 872 2781 pruna
887 2712 991 2764 tostam
1006 2703 1164 2781 superade-

130 2799 181 2852 114
189 2789 260 2863 rint,
279 2785 398 2846 odorem
414 2787 566 2864 exstingai.
611 2787 682 2846 Sunt
696 2787 744 2865 qui
761 2797 789 2847 et
803 2786 887 2846 alium
904 2796 933 2854 et
948 2787 1074 2865 ulpicum
1088 2789 1204 2848 intereo

172 2871 333 2950 Compitalia
355 2889 390 2930 ac
410 2871 572 2931 Saturnalia
592 2871 650 2929 seri
670 2872 816 2948 aptissime
832 2879 940 2947 putent.
967 2871 1053 2931 alium
1071 2879 1164 2931 etse-

170 2961 244 3024 miae
260 2957 407 3034 provenit,
430 2954 483 3014 sed
499 2954 591 3014 tarde.
618 2955 709 3031 primo
724 2954 797 3014 eninr
812 2971 887 3014 anno
901 2956 980 3033 porri
996 2955 1164 3015 crassitudi-

170 3059 235 3099 nem
257 3039 351 3116 eapite
376 3038 481 3112 eflicit,
507 3039 649 3113 sequenti·
664 3037 810 3112 dividitur,
838 3039 923 3098 tertio
940 3047 1163 3116 consummatur,

170 3105 451 3200 pulchriusqudtale
465 3121 626 3180 existimant
641 3120 761 3200 quidam.
784 3121 812 3180 in
827 3139 926 3182 semen
942 3123 1021 3182 exire
1036 3139 1095 3186 non
1110 3122 1162 3182 de·

170 3205 236 3282 bet,
254 3203 306 3264 sed
321 3207 480 3281 intorqueri
493 3204 582 3264 caulis
596 3213 674 3264 satus
688 3204 789 3280 gratia,
806 3207 847 3264 uti
863 3215 949 3287 caput
963 3206 1085 3268 validius
1099 3205 1159 3266 liat.
1172 3227 1203 3270 as

128 3302 179 3354 115
188 3289 272 3362 Quod
287 3291 312 3349 si
327 3289 431 3348 diutius
441 3289 525 3348 alium
537 3305 694 3367 cepamque
707 3289 869 3350 inveterare
881 3287 980 3370 libeat,
996 3308 1068 3367 aqua
1080 3289 1161 3350 salsa

169 3373 267 3451 tepida
283 3373 376 3450 eapite
390 3372 540 3451 unguenda
555 3382 628 3432 sunt.
654 3373 692 3431 lta
708 3365 880 3436 dintulniora
896 3374 965 3434 lient
979 3373 1161 3450 melioraque

171 3457 234 3516 usui
256 3458 332 3516 etin
354 3465 417 3516 satu
443 3456 561 3522 sterilia.
596 3456 644 3526 alii
660 3457 785 3516 contenti
801 3459 971 3538 suntprimo
983 3474 1070 3535 super
1089 3475 1159 3536 pru·
