<?xml version="1.0" encoding="UTF-8"?>
<!DOCTYPE html PUBLIC "-//W3C//DTD XHTML 1.0 Transitional//EN"
    "http://www.w3.org/TR/xhtml1/DTD/xhtml1-transitional.dtd">
<html xmlns="http://www.w3.org/1999/xhtml" xml:lang="en" lang="en">
 <head>
  <title>
</title>
<meta http-equiv="Content-Type" content="text/html;charset=utf-8" />
  <meta name='ocr-system' content='tesseract 3.04.00' />
  <meta name='ocr-capabilities' content='ocr_page ocr_carea ocr_par ocr_line ocrx_word'/>
</head>
<body>
  <div class='ocr_page' id='page_1' title='image "./cplinisecundina23plingoog_0240.png"; bbox 0 0 2552 3866; ppageno 0'>
   <div class='ocr_carea' id='block_1_1' title="bbox 377 183 1162 263">
    <p class='ocr_par' dir='ltr' id='par_1_1' title="bbox 377 183 1162 263">
     <span class='ocr_line' id='line_1_1' title="bbox 377 183 1162 263; baseline 0.014 -21"><span class='ocrx_word' id='word_1_1' title='bbox 377 195 457 244; x_wconf 81' lang='lat' dir='ltr'>nnn.</span> <span class='ocrx_word' id='word_1_2' title='bbox 474 193 564 263; x_wconf 73' lang='lat' dir='ltr'>uren.</span> <span class='ocrx_word' id='word_1_3' title='bbox 580 195 693 244; x_wconf 84' lang='lat' dir='ltr'>xvnnr.</span> <span class='ocrx_word' id='word_1_4' title='bbox 709 191 735 246; x_wconf 82' lang='lat' dir='ltr'>a.</span> <span class='ocrx_word' id='word_1_5' title='bbox 752 183 903 263; x_wconf 79' lang='lat' dir='ltr'>(lt-53.)</span> <span class='ocrx_word' id='word_1_6' title='bbox 1102 190 1162 254; x_wconf 84' lang='lat'>183</span> 
     </span>
    </p>
   </div>
   <div class='ocr_carea' id='block_1_2' title="bbox 34 337 1161 1266">
    <p class='ocr_par' dir='ltr' id='par_1_2' title="bbox 34 337 1161 1266">
     <span class='ocr_line' id='line_1_2' title="bbox 122 337 1118 434; baseline 0.009 -23"><span class='ocrx_word' id='word_1_7' title='bbox 122 351 226 411; x_wconf 86' lang='lat' dir='ltr'>seritur</span> <span class='ocrx_word' id='word_1_8' title='bbox 242 359 272 410; x_wconf 91' lang='lat' dir='ltr'>et</span> <span class='ocrx_word' id='word_1_9' title='bbox 286 368 302 410; x_wconf 91' lang='lat' dir='ltr'>a</span> <span class='ocrx_word' id='word_1_10' title='bbox 316 347 433 419; x_wconf 80' lang='lat' dir='ltr'>favonio</span> <span class='ocrx_word' id='word_1_11' title='bbox 448 358 516 428; x_wconf 88' lang='lat' dir='ltr'>post</span> <span class='ocrx_word' id='word_1_12' title='bbox 531 337 742 428; x_wconf 79' lang='lat' dir='ltr'>aequinoctium</span> <span class='ocrx_word' id='word_1_13' title='bbox 759 353 891 412; x_wconf 84' lang='lat' dir='ltr'>autumni.</span> <span class='ocrx_word' id='word_1_14' title='bbox 922 354 1030 434; x_wconf 88' lang='lat' dir='ltr'>qnippe</span> <span class='ocrx_word' id='word_1_15' title='bbox 1054 375 1118 420; x_wconf 90' lang='lat' dir='ltr'>cum</span> 
     </span>
     <span class='ocr_line' id='line_1_3' title="bbox 123 434 1118 514; baseline 0.007 -20"><span class='ocrx_word' id='word_1_16' title='bbox 123 436 242 514; x_wconf 88' lang='lat' dir='ltr'>cappari</span> <span class='ocrx_word' id='word_1_17' title='bbox 258 452 374 512; x_wconf 89' lang='lat' dir='ltr'>quoqne</span> <span class='ocrx_word' id='word_1_18' title='bbox 390 443 502 496; x_wconf 90' lang='lat' dir='ltr'>seratur</span> <span class='ocrx_word' id='word_1_19' title='bbox 517 434 604 493; x_wconf 90' lang='lat' dir='ltr'>siccis</span> <span class='ocrx_word' id='word_1_20' title='bbox 619 449 765 507; x_wconf 79' lang='lat' dir='ltr'><strong>maxume,</strong></span> <span class='ocrx_word' id='word_1_21' title='bbox 782 450 850 494; x_wconf 88' lang='lat' dir='ltr'>arca</span> <span class='ocrx_word' id='word_1_22' title='bbox 864 435 892 494; x_wconf 90' lang='lat' dir='ltr'>in</span> <span class='ocrx_word' id='word_1_23' title='bbox 908 435 1055 502; x_wconf 85' lang='lat' dir='ltr'>defossum</span> <span class='ocrx_word' id='word_1_24' title='bbox 1070 459 1118 501; x_wconf 87' lang='lat' dir='ltr'>ca·</span> 
     </span>
     <span class='ocr_line' id='line_1_4' title="bbox 120 516 1119 600; baseline 0.007 -23"><span class='ocrx_word' id='word_1_25' title='bbox 120 525 198 594; x_wconf 83' lang='lat' dir='ltr'>vata,</span> <span class='ocrx_word' id='word_1_26' title='bbox 214 519 344 596; x_wconf 72' lang='lat' dir='ltr'>ripisque</span> <span class='ocrx_word' id='word_1_27' title='bbox 364 519 489 596; x_wconf 87' lang='lat' dir='ltr'>undique</span> <span class='ocrx_word' id='word_1_28' title='bbox 513 517 735 578; x_wconf 74' lang='lat' dir='ltr'>circumstructis</span> <span class='ocrx_word' id='word_1_29' title='bbox 756 516 866 597; x_wconf 84' lang='lat' dir='ltr'>lapide,</span> <span class='ocrx_word' id='word_1_30' title='bbox 888 518 960 580; x_wconf 84' lang='lat' dir='ltr'>alias</span> <span class='ocrx_word' id='word_1_31' title='bbox 982 533 1119 600; x_wconf 75' lang='lat' dir='ltr'><strong>evagatur</strong></span> 
     </span>
     <span class='ocr_line' id='line_1_5' title="bbox 121 601 1119 681; baseline 0.005 -19"><span class='ocrx_word' id='word_1_32' title='bbox 121 621 175 680; x_wconf 88' lang='lat' dir='ltr'>per</span> <span class='ocrx_word' id='word_1_33' title='bbox 191 606 326 678; x_wconf 83' lang='lat' dir='ltr'>agrcs&#39;et</span> <span class='ocrx_word' id='word_1_34' title='bbox 341 604 420 679; x_wconf 83' lang='lat' dir='ltr'>cogit</span> <span class='ocrx_word' id='word_1_35' title='bbox 440 601 534 662; x_wconf 91' lang='lat' dir='ltr'>solnm</span> <span class='ocrx_word' id='word_1_36' title='bbox 553 601 751 660; x_wconf 78' lang='lat' dir='ltr'>sterilescere.</span> <span class='ocrx_word' id='word_1_37' title='bbox 787 601 873 661; x_wconf 88' lang='lat' dir='ltr'>lloret</span> <span class='ocrx_word' id='word_1_38' title='bbox 893 613 1023 681; x_wconf 86' lang='lat' dir='ltr'>aestate,</span> <span class='ocrx_word' id='word_1_39' title='bbox 1045 609 1119 668; x_wconf 90' lang='lat' dir='ltr'>viret</span> 
     </span>
     <span class='ocr_line' id='line_1_6' title="bbox 97 682 1117 764; baseline 0.005 -19"><span class='ocrx_word' id='word_1_40' title='bbox 97 703 214 764; x_wconf 82' lang='lat' dir='ltr'>susque</span> <span class='ocrx_word' id='word_1_41' title='bbox 229 685 265 746; x_wconf 93' lang='lat' dir='ltr'>ad</span> <span class='ocrx_word' id='word_1_42' title='bbox 280 686 464 763; x_wconf 80' lang='lat' dir='ltr'>vergiliarum</span> <span class='ocrx_word' id='word_1_43' title='bbox 479 701 624 760; x_wconf 87' lang='lat' dir='ltr'>occasum,</span> <span class='ocrx_word' id='word_1_44' title='bbox 640 682 784 745; x_wconf 84' lang='lat' dir='ltr'>sabulosis</span> <span class='ocrx_word' id='word_1_45' title='bbox 796 684 1053 748; x_wconf 87' lang='lat' dir='ltr'>familiarissimum.</span> <span class='ocrx_word' id='word_1_46' title='bbox 1076 692 1117 750; x_wconf 88' lang='lat' dir='ltr'>vi·</span> 
     </span>
     <span class='ocr_line' id='line_1_7' title="bbox 121 767 1161 850; baseline 0 -20"><span class='ocrx_word' id='word_1_47' title='bbox 121 771 160 831; x_wconf 89' lang='lat' dir='ltr'>tia</span> <span class='ocrx_word' id='word_1_48' title='bbox 177 771 239 832; x_wconf 88' lang='lat' dir='ltr'>eins</span> <span class='ocrx_word' id='word_1_49' title='bbox 256 769 334 848; x_wconf 93' lang='lat' dir='ltr'>qnod</span> <span class='ocrx_word' id='word_1_50' title='bbox 355 776 433 830; x_wconf 87' lang='lat' dir='ltr'>trans</span> <span class='ocrx_word' id='word_1_51' title='bbox 459 769 546 830; x_wconf 89' lang='lat' dir='ltr'>maria</span> <span class='ocrx_word' id='word_1_52' title='bbox 567 767 693 829; x_wconf 87' lang='lat' dir='ltr'>nascitur</span> <span class='ocrx_word' id='word_1_53' title='bbox 714 768 834 828; x_wconf 85' lang='lat' dir='ltr'>diximus</span> <span class='ocrx_word' id='word_1_54' title='bbox 852 771 926 830; x_wconf 89' lang='lat' dir='ltr'>inter</span> <span class='ocrx_word' id='word_1_55' title='bbox 946 774 1076 850; x_wconf 78' lang='lat' dir='ltr'>peregri·</span> <span class='ocrx_word' id='word_1_56' title='bbox 1089 793 1161 836; x_wconf 55' lang='lat' dir='ltr'>aaa</span> 
     </span>
     <span class='ocr_line' id='line_1_8' title="bbox 119 853 319 914; baseline -0.01 -1"><span class='ocrx_word' id='word_1_57' title='bbox 119 870 174 913; x_wconf 89' lang='lat' dir='ltr'>nos</span> <span class='ocrx_word' id='word_1_58' title='bbox 190 853 319 914; x_wconf 87' lang='lat' dir='ltr'>lrntices.</span> 
     </span>
     <span class='ocr_line' id='line_1_9' title="bbox 182 935 1160 1017; baseline 0.006 -21"><span class='ocrx_word' id='word_1_59' title='bbox 182 936 264 1015; x_wconf 84' lang='lat'>(49.)</span> <span class='ocrx_word' id='word_1_60' title='bbox 278 936 474 1014; x_wconf 81' lang='lat' dir='ltr'>¹l’ereqrinnm</span> <span class='ocrx_word' id='word_1_61' title='bbox 490 944 520 997; x_wconf 90' lang='lat' dir='ltr'>et</span> <span class='ocrx_word' id='word_1_62' title='bbox 534 952 651 996; x_wconf 88' lang='lat' dir='ltr'>careum</span> <span class='ocrx_word' id='word_1_63' title='bbox 664 935 758 1012; x_wconf 82' lang='lat' dir='ltr'>gentis</span> <span class='ocrx_word' id='word_1_64' title='bbox 774 953 844 996; x_wconf 90' lang='lat' dir='ltr'>snae</span> <span class='ocrx_word' id='word_1_65' title='bbox 863 939 977 998; x_wconf 90' lang='lat' dir='ltr'>nomine</span> <span class='ocrx_word' id='word_1_66' title='bbox 997 939 1097 1017; x_wconf 91' lang='lat' dir='ltr'>appel·</span> <span class='ocrx_word' id='word_1_67' title='bbox 1106 951 1160 1006; x_wconf 83' lang='lat'>164</span> 
     </span>
     <span class='ocr_line' id='line_1_10' title="bbox 120 1020 1117 1102; baseline 0.002 -22"><span class='ocrx_word' id='word_1_68' title='bbox 120 1020 217 1096; x_wconf 86' lang='lat' dir='ltr'>latum,</span> <span class='ocrx_word' id='word_1_69' title='bbox 233 1020 335 1102; x_wconf 89' lang='lat' dir='ltr'>culinis</span> <span class='ocrx_word' id='word_1_70' title='bbox 350 1020 521 1098; x_wconf 89' lang='lat' dir='ltr'>principale.</span> <span class='ocrx_word' id='word_1_71' title='bbox 547 1021 576 1079; x_wconf 93' lang='lat' dir='ltr'>in</span> <span class='ocrx_word' id='word_1_72' title='bbox 588 1035 766 1100; x_wconf 88' lang='lat' dir='ltr'>quacumque</span> <span class='ocrx_word' id='word_1_73' title='bbox 778 1029 855 1080; x_wconf 87' lang='lat' dir='ltr'>terra</span> <span class='ocrx_word' id='word_1_74' title='bbox 867 1023 925 1080; x_wconf 91' lang='lat' dir='ltr'>seri</span> <span class='ocrx_word' id='word_1_75' title='bbox 935 1022 996 1082; x_wconf 89' lang='lat' dir='ltr'>volt</span> <span class='ocrx_word' id='word_1_76' title='bbox 1006 1024 1117 1084; x_wconf 88' lang='lat' dir='ltr'>ratione</span> 
     </span>
     <span class='ocr_line' id='line_1_11' title="bbox 65 1102 1116 1185; baseline 0.004 -23"><span class='ocrx_word' id='word_1_77' title='bbox 65 1153 68 1163; x_wconf 95' lang='lat'><em>.</em></span> <span class='ocrx_word' id='word_1_78' title='bbox 84 1122 110 1164; x_wconf 84' lang='lat' dir='ltr'>ro</span> <span class='ocrx_word' id='word_1_79' title='bbox 120 1105 223 1166; x_wconf 85' lang='lat' dir='ltr'>eadam</span> <span class='ocrx_word' id='word_1_80' title='bbox 242 1122 303 1182; x_wconf 51' lang='lat' dir='ltr'>qua,</span> <span class='ocrx_word' id='word_1_81' title='bbox 313 1103 480 1180; x_wconf 86' lang='lat' dir='ltr'>olusatrum,</span> <span class='ocrx_word' id='word_1_82' title='bbox 496 1103 719 1166; x_wconf 86' lang='lat' dir='ltr'>laudatissimum</span> <span class='ocrx_word' id='word_1_83' title='bbox 738 1113 832 1166; x_wconf 76' lang='lat' dir='ltr'>mmen</span> <span class='ocrx_word' id='word_1_84' title='bbox 846 1105 875 1166; x_wconf 83' lang='lat' dir='ltr'>in</span> <span class='ocrx_word' id='word_1_85' title='bbox 890 1102 991 1182; x_wconf 77' lang='lat' dir='ltr'>(laria,</span> <span class='ocrx_word' id='word_1_86' title='bbox 1009 1124 1116 1185; x_wconf 85' lang='lat' dir='ltr'>proxu-</span> 
     </span>
     <span class='ocr_line' id='line_1_12' title="bbox 34 1188 343 1266; baseline -0.003 -19"><span class='ocrx_word' id='word_1_87' title='bbox 34 1259 38 1266; x_wconf 76' lang='lat'>,</span> <span class='ocrx_word' id='word_1_88' title='bbox 118 1206 194 1248; x_wconf 89' lang='lat' dir='ltr'>mum</span> <span class='ocrx_word' id='word_1_89' title='bbox 209 1188 343 1264; x_wconf 72' lang='lat' dir='ltr'>Phrygia.</span> 
     </span>
    </p>
   </div>
   <div class='ocr_carea' id='block_1_3' title="bbox 183 1269 1256 1351">
    <p class='ocr_par' dir='ltr' id='par_1_3' title="bbox 183 1269 1256 1351">
     <span class='ocr_line' id='line_1_13' title="bbox 183 1269 1256 1351; baseline 0.007 -19"><span class='ocrx_word' id='word_1_90' title='bbox 183 1272 266 1351; x_wconf 85' lang='grc'>(50.)</span> <span class='ocrx_word' id='word_1_91' title='bbox 290 1271 467 1348; x_wconf 82' lang='lat' dir='ltr'>ligusticum</span> <span class='ocrx_word' id='word_1_92' title='bbox 478 1271 614 1331; x_wconf 88' lang='lat' dir='ltr'>silvestre</span> <span class='ocrx_word' id='word_1_93' title='bbox 625 1272 709 1338; x_wconf 82' lang='lat' dir='ltr'>estin</span> <span class='ocrx_word' id='word_1_94' title='bbox 719 1269 851 1349; x_wconf 84' lang='lat' dir='ltr'>Liguriae</span> <span class='ocrx_word' id='word_1_95' title='bbox 863 1292 932 1334; x_wconf 87' lang='lat' dir='ltr'>snae</span> <span class='ocrx_word' id='word_1_96' title='bbox 946 1273 1098 1339; x_wconf 85' lang='lat' dir='ltr'>montibus.</span> <span class='ocrx_word' id='word_1_97' title='bbox 1106 1286 1157 1347; x_wconf 69' lang='lat'>165</span> <span class='ocrx_word' id='word_1_98' title='bbox 1253 1331 1256 1350; x_wconf 76' lang='lat'>,</span> 
     </span>
    </p>
   </div>
   <div class='ocr_carea' id='block_1_4' title="bbox 19 1354 1193 3523">
    <p class='ocr_par' dir='ltr' id='par_1_4' title="bbox 116 1354 1171 1517">
     <span class='ocr_line' id='line_1_14' title="bbox 117 1354 1114 1439; baseline 0.003 -21"><span class='ocrx_word' id='word_1_99' title='bbox 117 1358 225 1418; x_wconf 87' lang='lat' dir='ltr'>seritur</span> <span class='ocrx_word' id='word_1_100' title='bbox 241 1357 325 1416; x_wconf 86' lang='lat' dir='ltr'>etiam</span> <span class='ocrx_word' id='word_1_101' title='bbox 341 1354 460 1434; x_wconf 89' lang='lat' dir='ltr'>ubique.</span> <span class='ocrx_word' id='word_1_102' title='bbox 491 1356 607 1415; x_wconf 91' lang='lat' dir='ltr'>suavius</span> <span class='ocrx_word' id='word_1_103' title='bbox 622 1356 754 1431; x_wconf 82' lang='lat' dir='ltr'>satiram,</span> <span class='ocrx_word' id='word_1_104' title='bbox 772 1358 825 1416; x_wconf 90' lang='lat' dir='ltr'>sed</span> <span class='ocrx_word' id='word_1_105' title='bbox 843 1359 905 1418; x_wconf 90' lang='lat' dir='ltr'>sine</span> <span class='ocrx_word' id='word_1_106' title='bbox 919 1359 1038 1422; x_wconf 89' lang='lat' dir='ltr'>viribus.</span> <span class='ocrx_word' id='word_1_107' title='bbox 1066 1379 1114 1439; x_wconf 90' lang='lat' dir='ltr'>pa·</span> 
     </span>
     <span class='ocr_line' id='line_1_15' title="bbox 116 1437 1171 1517; baseline 0.007 -18"><span class='ocrx_word' id='word_1_108' title='bbox 116 1459 218 1500; x_wconf 81' lang='lat' dir='ltr'>necem</span> <span class='ocrx_word' id='word_1_109' title='bbox 229 1439 316 1517; x_wconf 83' lang='lat' dir='ltr'>aliqui</span> <span class='ocrx_word' id='word_1_110' title='bbox 326 1448 442 1499; x_wconf 83' lang='lat' dir='ltr'>vocent.</span> <span class='ocrx_word' id='word_1_111' title='bbox 465 1437 605 1500; x_wconf 78' lang='lat' dir='ltr'>Crateras</span> <span class='ocrx_word' id='word_1_112' title='bbox 618 1437 693 1517; x_wconf 88' lang='lat' dir='ltr'>apud</span> <span class='ocrx_word' id='word_1_113' title='bbox 705 1438 835 1500; x_wconf 85' lang='lat' dir='ltr'>Graecos</span> <span class='ocrx_word' id='word_1_114' title='bbox 849 1442 970 1502; x_wconf 87' lang='lat' dir='ltr'>cunilam</span> <span class='ocrx_word' id='word_1_115' title='bbox 981 1441 1115 1506; x_wconf 89' lang='lat' dir='ltr'>bubulam</span> <span class='ocrx_word' id='word_1_116' title='bbox 1169 1502 1171 1506; x_wconf 81' lang='grc'>,</span> 
     </span>
    </p>

    <p class='ocr_par' dir='ltr' id='par_1_5' title="bbox 83 1523 1115 1938">
     <span class='ocr_line' id='line_1_16' title="bbox 83 1523 1114 1605; baseline 0.001 -17"><span class='ocrx_word' id='word_1_117' title='bbox 83 1545 108 1588; x_wconf 81' lang='lat' dir='ltr'>m</span> <span class='ocrx_word' id='word_1_118' title='bbox 120 1540 155 1583; x_wconf 91' lang='lat' dir='ltr'>eo</span> <span class='ocrx_word' id='word_1_119' title='bbox 172 1524 286 1582; x_wconf 90' lang='lat' dir='ltr'>nomine</span> <span class='ocrx_word' id='word_1_120' title='bbox 304 1523 444 1600; x_wconf 89' lang='lat' dir='ltr'>appellat,</span> <span class='ocrx_word' id='word_1_121' title='bbox 461 1525 552 1582; x_wconf 88' lang='lat' dir='ltr'>ceteri</span> <span class='ocrx_word' id='word_1_122' title='bbox 567 1523 631 1586; x_wconf 86' lang='lat' dir='ltr'>lere</span> <span class='ocrx_word' id='word_1_123' title='bbox 649 1539 796 1598; x_wconf 69' lang='lat' dir='ltr'>conquam,</span> <span class='ocrx_word' id='word_1_124' title='bbox 811 1523 839 1582; x_wconf 91' lang='lat' dir='ltr'>id</span> <span class='ocrx_word' id='word_1_125' title='bbox 854 1535 899 1584; x_wconf 86' lang='lat' dir='ltr'>est</span> <span class='ocrx_word' id='word_1_126' title='bbox 914 1526 1114 1605; x_wconf 80' lang='lat' dir='ltr'>cunilaginem,</span> 
     </span>
     <span class='ocr_line' id='line_1_17' title="bbox 108 1603 1115 1683; baseline 0.001 -13"><span class='ocrx_word' id='word_1_127' title='bbox 108 1605 278 1682; x_wconf 65' lang='lat' dir='ltr'>thymbram</span> <span class='ocrx_word' id='word_1_128' title='bbox 291 1622 363 1665; x_wconf 82' lang='lat' dir='ltr'>vero</span> <span class='ocrx_word' id='word_1_129' title='bbox 381 1623 456 1683; x_wconf 89' lang='lat' dir='ltr'>quae</span> <span class='ocrx_word' id='word_1_130' title='bbox 471 1606 508 1664; x_wconf 89' lang='lat' dir='ltr'>sit</span> <span class='ocrx_word' id='word_1_131' title='bbox 524 1606 626 1666; x_wconf 87' lang='lat' dir='ltr'>cunila.</span> <span class='ocrx_word' id='word_1_132' title='bbox 662 1603 742 1665; x_wconf 88' lang='lat' dir='ltr'>llaec</span> <span class='ocrx_word' id='word_1_133' title='bbox 758 1607 833 1683; x_wconf 87' lang='lat' dir='ltr'>apud</span> <span class='ocrx_word' id='word_1_134' title='bbox 847 1625 901 1666; x_wconf 91' lang='lat' dir='ltr'>nos</span> <span class='ocrx_word' id='word_1_135' title='bbox 924 1608 1011 1670; x_wconf 88' lang='lat' dir='ltr'>habet</span> <span class='ocrx_word' id='word_1_136' title='bbox 1028 1628 1115 1671; x_wconf 83' lang='lat' dir='ltr'>voca-</span> 
     </span>
     <span class='ocr_line' id='line_1_18' title="bbox 117 1687 1115 1768; baseline 0.006 -19"><span class='ocrx_word' id='word_1_137' title='bbox 117 1691 216 1754; x_wconf 90' lang='lat' dir='ltr'>bulum</span> <span class='ocrx_word' id='word_1_138' title='bbox 232 1698 261 1749; x_wconf 90' lang='lat' dir='ltr'>et</span> <span class='ocrx_word' id='word_1_139' title='bbox 275 1688 351 1748; x_wconf 91' lang='lat' dir='ltr'>aliud</span> <span class='ocrx_word' id='word_1_140' title='bbox 366 1690 493 1748; x_wconf 83' lang='lat' dir='ltr'>satureia</span> <span class='ocrx_word' id='word_1_141' title='bbox 503 1687 619 1752; x_wconf 88' lang='lat' dir='ltr'>diotain</span> <span class='ocrx_word' id='word_1_142' title='bbox 633 1689 856 1749; x_wconf 82' lang='lat' dir='ltr'>condimentario</span> <span class='ocrx_word' id='word_1_143' title='bbox 867 1709 988 1768; x_wconf 83' lang='lat' dir='ltr'>genere.</span> <span class='ocrx_word' id='word_1_144' title='bbox 1011 1695 1115 1754; x_wconf 87' lang='lat' dir='ltr'>seritur</span> 
     </span>
     <span class='ocr_line' id='line_1_19' title="bbox 117 1770 1113 1854; baseline 0.001 -19"><span class='ocrx_word' id='word_1_145' title='bbox 117 1791 218 1835; x_wconf 88' lang='lat' dir='ltr'>mense</span> <span class='ocrx_word' id='word_1_146' title='bbox 240 1771 417 1848; x_wconf 86' lang='lat' dir='ltr'>Februario,</span> <span class='ocrx_word' id='word_1_147' title='bbox 442 1770 562 1848; x_wconf 70' lang='lat' dir='ltr'>origano</span> <span class='ocrx_word' id='word_1_148' title='bbox 584 1773 704 1834; x_wconf 87' lang='lat' dir='ltr'>aemula.</span> <span class='ocrx_word' id='word_1_149' title='bbox 737 1791 874 1852; x_wconf 81' lang='lat' dir='ltr'>nusquam</span> <span class='ocrx_word' id='word_1_150' title='bbox 895 1782 1044 1854; x_wconf 91' lang='lat' dir='ltr'>utrumque</span> <span class='ocrx_word' id='word_1_151' title='bbox 1065 1775 1113 1836; x_wconf 95' lang='lat' dir='ltr'>ad·</span> 
     </span>
     <span class='ocr_line' id='line_1_20' title="bbox 119 1853 1113 1938; baseline 0 -18"><span class='ocrx_word' id='word_1_152' title='bbox 119 1856 205 1934; x_wconf 87' lang='lat' dir='ltr'>ditur,</span> <span class='ocrx_word' id='word_1_153' title='bbox 220 1857 327 1934; x_wconf 88' lang='lat' dir='ltr'>quippe</span> <span class='ocrx_word' id='word_1_154' title='bbox 343 1855 442 1915; x_wconf 88' lang='lat' dir='ltr'>similis</span> <span class='ocrx_word' id='word_1_155' title='bbox 459 1853 590 1916; x_wconf 86' lang='lat' dir='ltr'>allectus.</span> <span class='ocrx_word' id='word_1_156' title='bbox 620 1857 673 1918; x_wconf 91' lang='lat' dir='ltr'>sed</span> <span class='ocrx_word' id='word_1_157' title='bbox 693 1856 804 1917; x_wconf 88' lang='lat' dir='ltr'>cunilae</span> <span class='ocrx_word' id='word_1_158' title='bbox 822 1858 996 1936; x_wconf 82' lang='lat' dir='ltr'>Aegyptium</span> <span class='ocrx_word' id='word_1_159' title='bbox 1020 1860 1113 1938; x_wconf 83' lang='lat' dir='ltr'>origa-</span> 
     </span>
    </p>

    <p class='ocr_par' dir='ltr' id='par_1_6' title="bbox 83 1937 1193 2018">
     <span class='ocr_line' id='line_1_21' title="bbox 83 1937 1193 2018; baseline -0.006 -18"><span class='ocrx_word' id='word_1_160' title='bbox 83 1959 109 2000; x_wconf 81' lang='lat' dir='ltr'>ao</span> <span class='ocrx_word' id='word_1_161' title='bbox 119 1961 185 2002; x_wconf 91' lang='lat' dir='ltr'>num</span> <span class='ocrx_word' id='word_1_162' title='bbox 199 1949 305 2002; x_wconf 86' lang='lat' dir='ltr'>tantum</span> <span class='ocrx_word' id='word_1_163' title='bbox 322 1938 494 2018; x_wconf 76' lang='lat' dir='ltr'>praefertur.</span> <span class='ocrx_word' id='word_1_164' title='bbox 668 1989 671 1999; x_wconf 85' lang='lat'><em>.</em></span> <span class='ocrx_word' id='word_1_165' title='bbox 1191 1937 1193 1942; x_wconf 82' lang='grc'>’</span> 
     </span>
    </p>

    <p class='ocr_par' dir='ltr' id='par_1_7' title="bbox 118 2022 1155 2352">
     <span class='ocr_line' id='line_1_22' title="bbox 183 2022 1155 2103; baseline 0.009 -19"><span class='ocrx_word' id='word_1_166' title='bbox 183 2024 268 2102; x_wconf 82' lang='grc'>(51.)</span> <span class='ocrx_word' id='word_1_167' title='bbox 277 2023 464 2099; x_wconf 88' lang='lat' dir='ltr'>Peregrinum</span> <span class='ocrx_word' id='word_1_168' title='bbox 474 2023 528 2084; x_wconf 84' lang='lat' dir='ltr'>init</span> <span class='ocrx_word' id='word_1_169' title='bbox 538 2031 569 2082; x_wconf 84' lang='lat' dir='ltr'>et</span> <span class='ocrx_word' id='word_1_170' title='bbox 581 2022 724 2100; x_wconf 87' lang='lat' dir='ltr'>lepidium.</span> <span class='ocrx_word' id='word_1_171' title='bbox 740 2025 870 2086; x_wconf 78' lang='lat' dir='ltr'>scritura</span> <span class='ocrx_word' id='word_1_172' title='bbox 880 2025 1008 2103; x_wconf 86' lang='lat' dir='ltr'>lavcnio,</span> <span class='ocrx_word' id='word_1_173' title='bbox 1020 2026 1096 2103; x_wconf 89' lang='lat' dir='ltr'>dein,</span> <span class='ocrx_word' id='word_1_174' title='bbox 1105 2037 1155 2092; x_wconf 80' lang='lat'>166</span> 
     </span>
     <span class='ocr_line' id='line_1_23' title="bbox 119 2105 1113 2185; baseline 0.001 -14"><span class='ocrx_word' id='word_1_175' title='bbox 119 2128 184 2171; x_wconf 89' lang='lat' dir='ltr'>cum</span> <span class='ocrx_word' id='word_1_176' title='bbox 199 2106 354 2182; x_wconf 86' lang='lat' dir='ltr'>fruticavit,</span> <span class='ocrx_word' id='word_1_177' title='bbox 370 2107 448 2166; x_wconf 85' lang='lat' dir='ltr'>iuxta</span> <span class='ocrx_word' id='word_1_178' title='bbox 463 2114 568 2166; x_wconf 85' lang='lat' dir='ltr'>terram</span> <span class='ocrx_word' id='word_1_179' title='bbox 580 2105 764 2185; x_wconf 85' lang='lat' dir='ltr'>praeciditur,</span> <span class='ocrx_word' id='word_1_180' title='bbox 780 2116 847 2168; x_wconf 91' lang='lat' dir='ltr'>tunc</span> <span class='ocrx_word' id='word_1_181' title='bbox 858 2118 992 2169; x_wconf 87' lang='lat' dir='ltr'>runcatur</span> <span class='ocrx_word' id='word_1_182' title='bbox 1003 2119 1113 2172; x_wconf 90' lang='lat' dir='ltr'>sterco-</span> 
     </span>
     <span class='ocr_line' id='line_1_24' title="bbox 118 2188 1112 2270; baseline 0.001 -16"><span class='ocrx_word' id='word_1_183' title='bbox 118 2203 266 2270; x_wconf 88' lang='lat' dir='ltr'>raturque,</span> <span class='ocrx_word' id='word_1_184' title='bbox 283 2207 337 2270; x_wconf 91' lang='lat' dir='ltr'>per</span> <span class='ocrx_word' id='word_1_185' title='bbox 352 2188 495 2248; x_wconf 87' lang='lat' dir='ltr'>biennium</span> <span class='ocrx_word' id='word_1_186' title='bbox 509 2189 576 2251; x_wconf 89' lang='lat' dir='ltr'>boo.</span> <span class='ocrx_word' id='word_1_187' title='bbox 602 2198 705 2268; x_wconf 85' lang='lat' dir='ltr'>postea</span> <span class='ocrx_word' id='word_1_188' title='bbox 717 2190 818 2251; x_wconf 88' lang='lat' dir='ltr'>iisdem</span> <span class='ocrx_word' id='word_1_189' title='bbox 830 2190 978 2252; x_wconf 84' lang='lat' dir='ltr'>fruticibus</span> <span class='ocrx_word' id='word_1_190' title='bbox 989 2201 1112 2270; x_wconf 84' lang='lat' dir='ltr'>utuntur,</span> 
     </span>
     <span class='ocr_line' id='line_1_25' title="bbox 120 2273 1114 2352; baseline -0.001 -15"><span class='ocrx_word' id='word_1_191' title='bbox 120 2279 145 2337; x_wconf 91' lang='lat' dir='ltr'>si</span> <span class='ocrx_word' id='word_1_192' title='bbox 159 2295 217 2336; x_wconf 91' lang='lat' dir='ltr'>non</span> <span class='ocrx_word' id='word_1_193' title='bbox 232 2275 352 2335; x_wconf 86' lang='lat' dir='ltr'>saevitia</span> <span class='ocrx_word' id='word_1_194' title='bbox 368 2273 468 2332; x_wconf 87' lang='lat' dir='ltr'>hiemis</span> <span class='ocrx_word' id='word_1_195' title='bbox 484 2275 630 2350; x_wconf 79' lang='lat' dir='ltr'>ingravat,</span> <span class='ocrx_word' id='word_1_196' title='bbox 654 2275 767 2351; x_wconf 90' lang='lat' dir='ltr'>quando</span> <span class='ocrx_word' id='word_1_197' title='bbox 788 2275 1053 2352; x_wconf 83' lang='lat' dir='ltr'>inpatientissimum</span> <span class='ocrx_word' id='word_1_198' title='bbox 1069 2286 1114 2336; x_wconf 88' lang='lat' dir='ltr'>est</span> 
     </span>
    </p>

    <p class='ocr_par' dir='ltr' id='par_1_8' title="bbox 85 2356 1115 2503">
     <span class='ocr_line' id='line_1_26' title="bbox 85 2356 1115 2438; baseline 0.002 -22"><span class='ocrx_word' id='word_1_199' title='bbox 85 2361 269 2438; x_wconf 82' lang='lat' dir='ltr'>asirigorum.</span> <span class='ocrx_word' id='word_1_200' title='bbox 301 2359 362 2418; x_wconf 86' lang='lat' dir='ltr'>exit</span> <span class='ocrx_word' id='word_1_201' title='bbox 377 2365 407 2417; x_wconf 92' lang='lat' dir='ltr'>et</span> <span class='ocrx_word' id='word_1_202' title='bbox 422 2357 451 2416; x_wconf 92' lang='lat' dir='ltr'>in</span> <span class='ocrx_word' id='word_1_203' title='bbox 466 2356 620 2418; x_wconf 88' lang='lat' dir='ltr'>cubitalem</span> <span class='ocrx_word' id='word_1_204' title='bbox 634 2357 825 2434; x_wconf 78' lang='lat' dir='ltr'>altitudinem,</span> <span class='ocrx_word' id='word_1_205' title='bbox 849 2357 927 2418; x_wconf 89' lang='lat' dir='ltr'>loliis</span> <span class='ocrx_word' id='word_1_206' title='bbox 948 2357 1039 2436; x_wconf 87' lang='lat' dir='ltr'>lauri,</span> <span class='ocrx_word' id='word_1_207' title='bbox 1061 2357 1115 2418; x_wconf 91' lang='lat' dir='ltr'>sed</span> 
     </span>
     <span class='ocr_line' id='line_1_27' title="bbox 121 2441 676 2503; baseline -0.007 0"><span class='ocrx_word' id='word_1_208' title='bbox 121 2443 245 2503; x_wconf 88' lang='lat' dir='ltr'>mollins.</span> <span class='ocrx_word' id='word_1_209' title='bbox 277 2460 347 2501; x_wconf 89' lang='lat' dir='ltr'>nsns</span> <span class='ocrx_word' id='word_1_210' title='bbox 364 2442 425 2501; x_wconf 88' lang='lat' dir='ltr'>eins</span> <span class='ocrx_word' id='word_1_211' title='bbox 441 2457 500 2500; x_wconf 91' lang='lat' dir='ltr'>non</span> <span class='ocrx_word' id='word_1_212' title='bbox 514 2441 576 2500; x_wconf 91' lang='lat' dir='ltr'>sine</span> <span class='ocrx_word' id='word_1_213' title='bbox 591 2441 676 2501; x_wconf 84' lang='lat' dir='ltr'>lacte.</span> 
     </span>
    </p>

    <p class='ocr_par' dir='ltr' id='par_1_9' title="bbox 182 2524 1154 2604">
     <span class='ocr_line' id='line_1_28' title="bbox 182 2524 1154 2604; baseline 0.004 -19"><span class='ocrx_word' id='word_1_214' title='bbox 182 2525 261 2604; x_wconf 80' lang='grc'>(62.)</span> <span class='ocrx_word' id='word_1_215' title='bbox 282 2524 327 2587; x_wconf 87' lang='lat' dir='ltr'>Git</span> <span class='ocrx_word' id='word_1_216' title='bbox 342 2525 480 2603; x_wconf 88' lang='lat' dir='ltr'>pistrinis,</span> <span class='ocrx_word' id='word_1_217' title='bbox 496 2541 613 2585; x_wconf 87' lang='lat' dir='ltr'>anesum</span> <span class='ocrx_word' id='word_1_218' title='bbox 628 2535 657 2586; x_wconf 90' lang='lat' dir='ltr'>et</span> <span class='ocrx_word' id='word_1_219' title='bbox 680 2533 792 2586; x_wconf 88' lang='lat' dir='ltr'>anetum</span> <span class='ocrx_word' id='word_1_220' title='bbox 809 2525 910 2586; x_wconf 89' lang='lat' dir='ltr'>culinis</span> <span class='ocrx_word' id='word_1_221' title='bbox 932 2534 960 2585; x_wconf 89' lang='lat' dir='ltr'>et</span> <span class='ocrx_word' id='word_1_222' title='bbox 976 2525 1096 2594; x_wconf 87' lang='lat' dir='ltr'>medicis</span> <span class='ocrx_word' id='word_1_223' title='bbox 1104 2533 1154 2588; x_wconf 83' lang='lat' dir='ltr'>rot</span> 
     </span>
    </p>

    <p class='ocr_par' dir='ltr' id='par_1_10' title="bbox 46 2607 1112 2688">
     <span class='ocr_line' id='line_1_29' title="bbox 46 2607 1112 2688; baseline -0.003 -17"><span class='ocrx_word' id='word_1_224' title='bbox 46 2607 49 2618; x_wconf 67' lang='grc'><em>“</em></span> <span class='ocrx_word' id='word_1_225' title='bbox 121 2618 285 2671; x_wconf 87' lang='lat' dir='ltr'>nascuntur.</span> <span class='ocrx_word' id='word_1_226' title='bbox 313 2609 499 2688; x_wconf 84' lang='lat' dir='ltr'>sacopenium</span> <span class='ocrx_word' id='word_1_227' title='bbox 517 2616 546 2666; x_wconf 87' lang='lat' dir='ltr'>et</span> <span class='ocrx_word' id='word_1_228' title='bbox 561 2610 654 2686; x_wconf 88' lang='lat' dir='ltr'>ipsum</span> <span class='ocrx_word' id='word_1_229' title='bbox 668 2611 697 2668; x_wconf 91' lang='lat' dir='ltr'>in</span> <span class='ocrx_word' id='word_1_230' title='bbox 711 2608 801 2669; x_wconf 89' lang='lat' dir='ltr'>bortis</span> <span class='ocrx_word' id='word_1_231' title='bbox 818 2609 941 2688; x_wconf 86' lang='lat' dir='ltr'>qnidam,</span> <span class='ocrx_word' id='word_1_232' title='bbox 957 2609 1010 2670; x_wconf 90' lang='lat' dir='ltr'>sed</span> <span class='ocrx_word' id='word_1_233' title='bbox 1023 2609 1112 2669; x_wconf 90' lang='lat' dir='ltr'>medi-</span> 
     </span>
    </p>

    <p class='ocr_par' dir='ltr' id='par_1_11' title="bbox 123 2697 336 2755">
     <span class='ocr_line' id='line_1_30' title="bbox 123 2697 336 2755; baseline -0.028 0"><span class='ocrx_word' id='word_1_234' title='bbox 123 2697 204 2755; x_wconf 87' lang='lat' dir='ltr'>cinae</span> <span class='ocrx_word' id='word_1_235' title='bbox 221 2701 336 2752; x_wconf 86' lang='lat' dir='ltr'>tantum.</span> 
     </span>
    </p>

    <p class='ocr_par' dir='ltr' id='par_1_12' title="bbox 19 2773 1170 3188">
     <span class='ocr_line' id='line_1_31' title="bbox 19 2773 1112 2855; baseline -0.005 -18"><span class='ocrx_word' id='word_1_236' title='bbox 19 2779 21 2800; x_wconf 75' lang='lat'>³</span> <span class='ocrx_word' id='word_1_237' title='bbox 86 2802 113 2844; x_wconf 72' lang='lat'>30</span> <span class='ocrx_word' id='word_1_238' title='bbox 185 2775 269 2855; x_wconf 80' lang='lat'>(53.)</span> <span class='ocrx_word' id='word_1_239' title='bbox 291 2775 361 2835; x_wconf 87' lang='lat' dir='ltr'>Sunt</span> <span class='ocrx_word' id='word_1_240' title='bbox 376 2775 689 2855; x_wconf 84' lang='lat' dir='ltr'>quaedamoomitantia</span> <span class='ocrx_word' id='word_1_241' title='bbox 701 2773 820 2834; x_wconf 88' lang='lat' dir='ltr'>aliorum</span> <span class='ocrx_word' id='word_1_242' title='bbox 832 2783 921 2850; x_wconf 89' lang='lat' dir='ltr'>satus,</span> <span class='ocrx_word' id='word_1_243' title='bbox 934 2785 963 2834; x_wconf 93' lang='lat' dir='ltr'>ut</span> <span class='ocrx_word' id='word_1_244' title='bbox 975 2791 1112 2853; x_wconf 80' lang='lat' dir='ltr'>papaver.</span> 
     </span>
     <span class='ocr_line' id='line_1_32' title="bbox 120 2853 1113 2939; baseline -0.006 -19"><span class='ocrx_word' id='word_1_245' title='bbox 120 2878 244 2939; x_wconf 88' lang='lat' dir='ltr'>namque</span> <span class='ocrx_word' id='word_1_246' title='bbox 256 2875 319 2918; x_wconf 88' lang='lat' dir='ltr'>cum</span> <span class='ocrx_word' id='word_1_247' title='bbox 330 2856 457 2920; x_wconf 88' lang='lat' dir='ltr'>brassica</span> <span class='ocrx_word' id='word_1_248' title='bbox 468 2859 573 2924; x_wconf 85' lang='lat' dir='ltr'>seritur</span> <span class='ocrx_word' id='word_1_249' title='bbox 585 2875 620 2916; x_wconf 90' lang='lat' dir='ltr'>ac</span> <span class='ocrx_word' id='word_1_250' title='bbox 631 2853 799 2936; x_wconf 83' lang='lat' dir='ltr'>porcillaca,</span> <span class='ocrx_word' id='word_1_251' title='bbox 810 2863 839 2916; x_wconf 88' lang='lat' dir='ltr'>et</span> <span class='ocrx_word' id='word_1_252' title='bbox 851 2875 938 2918; x_wconf 87' lang='lat' dir='ltr'>eruca</span> <span class='ocrx_word' id='word_1_253' title='bbox 950 2875 1013 2916; x_wconf 91' lang='lat' dir='ltr'>cum</span> <span class='ocrx_word' id='word_1_254' title='bbox 1024 2856 1113 2915; x_wconf 87' lang='lat' dir='ltr'>lactu·</span> 
     </span>
     <span class='ocr_line' id='line_1_33' title="bbox 122 2939 1155 3022; baseline -0.001 -18"><span class='ocrx_word' id='word_1_255' title='bbox 122 2962 166 3004; x_wconf 91' lang='lat' dir='ltr'>ca.</span> <span class='ocrx_word' id='word_1_256' title='bbox 186 2942 343 3022; x_wconf 82' lang='lat' dir='ltr'>Papaveris</span> <span class='ocrx_word' id='word_1_257' title='bbox 358 2943 440 3001; x_wconf 85' lang='lat' dir='ltr'>sativi</span> <span class='ocrx_word' id='word_1_258' title='bbox 454 2943 508 3003; x_wconf 85' lang='lat' dir='ltr'>tria</span> <span class='ocrx_word' id='word_1_259' title='bbox 524 2959 647 3018; x_wconf 78' lang='lat' dir='ltr'>genera:</span> <span class='ocrx_word' id='word_1_260' title='bbox 664 2939 829 3019; x_wconf 87' lang='lat' dir='ltr'>candidum,</span> <span class='ocrx_word' id='word_1_261' title='bbox 847 2941 927 3001; x_wconf 89' lang='lat' dir='ltr'>cuins</span> <span class='ocrx_word' id='word_1_262' title='bbox 942 2956 1042 3000; x_wconf 89' lang='lat' dir='ltr'>semen</span> <span class='ocrx_word' id='word_1_263' title='bbox 1053 2947 1095 2998; x_wconf 89' lang='lat' dir='ltr'>to·</span> <span class='ocrx_word' id='word_1_264' title='bbox 1106 2948 1155 3003; x_wconf 87' lang='lat'>168</span> 
     </span>
     <span class='ocr_line' id='line_1_34' title="bbox 122 3020 1170 3102; baseline -0.009 -14"><span class='ocrx_word' id='word_1_265' title='bbox 122 3037 195 3088; x_wconf 88' lang='lat' dir='ltr'>stum</span> <span class='ocrx_word' id='word_1_266' title='bbox 215 3029 243 3086; x_wconf 92' lang='lat' dir='ltr'>in</span> <span class='ocrx_word' id='word_1_267' title='bbox 265 3023 392 3086; x_wconf 88' lang='lat' dir='ltr'>secunda</span> <span class='ocrx_word' id='word_1_268' title='bbox 411 3041 509 3087; x_wconf 86' lang='lat' dir='ltr'>mensa</span> <span class='ocrx_word' id='word_1_269' title='bbox 533 3043 595 3086; x_wconf 90' lang='lat' dir='ltr'>cum</span> <span class='ocrx_word' id='word_1_270' title='bbox 622 3025 710 3085; x_wconf 90' lang='lat' dir='ltr'>melle</span> <span class='ocrx_word' id='word_1_271' title='bbox 730 3023 805 3102; x_wconf 84' lang='lat' dir='ltr'>apud</span> <span class='ocrx_word' id='word_1_272' title='bbox 824 3025 956 3102; x_wconf 88' lang='lat' dir='ltr'>antiquos</span> <span class='ocrx_word' id='word_1_273' title='bbox 984 3020 1112 3082; x_wconf 87' lang='lat' dir='ltr'>dabatur.</span> <span class='ocrx_word' id='word_1_274' title='bbox 1168 3022 1170 3026; x_wconf 85' lang='grc'><strong>’</strong></span> 
     </span>
     <span class='ocr_line' id='line_1_35' title="bbox 122 3106 1113 3188; baseline -0.007 -17"><span class='ocrx_word' id='word_1_275' title='bbox 122 3112 179 3171; x_wconf 89' lang='lat' dir='ltr'>hoc</span> <span class='ocrx_word' id='word_1_276' title='bbox 195 3119 223 3170; x_wconf 92' lang='lat' dir='ltr'>et</span> <span class='ocrx_word' id='word_1_277' title='bbox 234 3110 315 3188; x_wconf 86' lang='lat' dir='ltr'>punis</span> <span class='ocrx_word' id='word_1_278' title='bbox 327 3109 426 3168; x_wconf 87' lang='lat' dir='ltr'>rustici</span> <span class='ocrx_word' id='word_1_279' title='bbox 439 3119 552 3170; x_wconf 88' lang='lat' dir='ltr'>crustae</span> <span class='ocrx_word' id='word_1_280' title='bbox 565 3109 750 3186; x_wconf 82' lang='lat' dir='ltr'>inspergitur,</span> <span class='ocrx_word' id='word_1_281' title='bbox 765 3107 866 3168; x_wconf 84' lang='lat' dir='ltr'>adfuso</span> <span class='ocrx_word' id='word_1_282' title='bbox 881 3124 937 3166; x_wconf 92' lang='lat' dir='ltr'>cvo</span> <span class='ocrx_word' id='word_1_283' title='bbox 950 3106 1113 3182; x_wconf 88' lang='lat' dir='ltr'>inhaerens,</span> 
     </span>
    </p>

    <p class='ocr_par' dir='ltr' id='par_1_13' title="bbox 88 3189 1155 3523">
     <span class='ocr_line' id='line_1_36' title="bbox 88 3189 1111 3271; baseline -0.009 -16"><span class='ocrx_word' id='word_1_284' title='bbox 88 3223 113 3266; x_wconf 73' lang='lat'>35</span> <span class='ocrx_word' id='word_1_285' title='bbox 123 3195 170 3255; x_wconf 91' lang='lat' dir='ltr'>nbi</span> <span class='ocrx_word' id='word_1_286' title='bbox 184 3193 349 3254; x_wconf 83' lang='lat' dir='ltr'>inferiorem</span> <span class='ocrx_word' id='word_1_287' title='bbox 366 3201 489 3252; x_wconf 88' lang='lat' dir='ltr'>crustam</span> <span class='ocrx_word' id='word_1_288' title='bbox 503 3195 596 3271; x_wconf 89' lang='lat' dir='ltr'>apium</span> <span class='ocrx_word' id='word_1_289' title='bbox 609 3193 708 3269; x_wconf 80' lang='lat' dir='ltr'>gitque</span> <span class='ocrx_word' id='word_1_290' title='bbox 724 3191 831 3251; x_wconf 89' lang='lat' dir='ltr'>cereali</span> <span class='ocrx_word' id='word_1_291' title='bbox 845 3207 951 3270; x_wconf 88' lang='lat' dir='ltr'>sapore</span> <span class='ocrx_word' id='word_1_292' title='bbox 969 3189 1111 3252; x_wconf 88' lang='lat' dir='ltr'>condiunt.</span> 
     </span>
     <span class='ocr_line' id='line_1_37' title="bbox 122 3271 1112 3355; baseline -0.008 -17"><span class='ocrx_word' id='word_1_293' title='bbox 122 3279 244 3338; x_wconf 87' lang='lat' dir='ltr'>alterum</span> <span class='ocrx_word' id='word_1_294' title='bbox 263 3292 355 3353; x_wconf 76' lang='lat' dir='ltr'>genos</span> <span class='ocrx_word' id='word_1_295' title='bbox 371 3285 416 3336; x_wconf 89' lang='lat' dir='ltr'>est</span> <span class='ocrx_word' id='word_1_296' title='bbox 430 3277 582 3355; x_wconf 83' lang='lat' dir='ltr'>papaveris</span> <span class='ocrx_word' id='word_1_297' title='bbox 602 3277 729 3352; x_wconf 84' lang='lat' dir='ltr'>nigrdm,</span> <span class='ocrx_word' id='word_1_298' title='bbox 750 3275 830 3335; x_wconf 87' lang='lat' dir='ltr'>culus</span> <span class='ocrx_word' id='word_1_299' title='bbox 850 3291 938 3353; x_wconf 86' lang='lat' dir='ltr'>scapo</span> <span class='ocrx_word' id='word_1_300' title='bbox 960 3275 1050 3334; x_wconf 91' lang='lat' dir='ltr'>inciso</span> <span class='ocrx_word' id='word_1_301' title='bbox 1073 3271 1112 3331; x_wconf 84' lang='lat' dir='ltr'>la-</span> 
     </span>
     <span class='ocr_line' id='line_1_38' title="bbox 123 3353 1116 3437; baseline -0.006 -17"><span class='ocrx_word' id='word_1_302' title='bbox 123 3372 205 3422; x_wconf 90' lang='lat' dir='ltr'>cteus</span> <span class='ocrx_word' id='word_1_303' title='bbox 220 3375 306 3420; x_wconf 87' lang='lat' dir='ltr'>sucus</span> <span class='ocrx_word' id='word_1_304' title='bbox 324 3360 473 3437; x_wconf 83' lang='lat' dir='ltr'>excipitur.</span> <span class='ocrx_word' id='word_1_305' title='bbox 501 3361 615 3418; x_wconf 88' lang='lat' dir='ltr'>tertium</span> <span class='ocrx_word' id='word_1_306' title='bbox 628 3376 719 3435; x_wconf 82' lang='lat' dir='ltr'>genus</span> <span class='ocrx_word' id='word_1_307' title='bbox 735 3357 846 3418; x_wconf 91' lang='lat' dir='ltr'>rhoean</span> <span class='ocrx_word' id='word_1_308' title='bbox 853 3365 959 3418; x_wconf 87' lang='lat' dir='ltr'>vocant</span> <span class='ocrx_word' id='word_1_309' title='bbox 975 3353 1116 3425; x_wconf 74' lang='lat' dir='ltr'>Graeoe&#39;d</span> 
     </span>
     <span class='ocr_line' id='line_1_39' title="bbox 123 3440 1155 3523; baseline -0.002 -20"><span class='ocrx_word' id='word_1_310' title='bbox 123 3445 152 3505; x_wconf 88' lang='lat' dir='ltr'>id</span> <span class='ocrx_word' id='word_1_311' title='bbox 164 3444 256 3506; x_wconf 88' lang='lat' dir='ltr'>nostri</span> <span class='ocrx_word' id='word_1_312' title='bbox 272 3443 433 3506; x_wconf 89' lang='lat' dir='ltr'>erraticum.</span> <span class='ocrx_word' id='word_1_313' title='bbox 463 3452 567 3523; x_wconf 86' lang='lat' dir='ltr'>sponte</span> <span class='ocrx_word' id='word_1_314' title='bbox 582 3441 710 3522; x_wconf 84' lang='lat' dir='ltr'>quidem,</span> <span class='ocrx_word' id='word_1_315' title='bbox 726 3440 779 3501; x_wconf 90' lang='lat' dir='ltr'>sed</span> <span class='ocrx_word' id='word_1_316' title='bbox 795 3441 822 3500; x_wconf 90' lang='lat' dir='ltr'>in</span> <span class='ocrx_word' id='word_1_317' title='bbox 837 3441 912 3520; x_wconf 83' lang='lat' dir='ltr'>arvis</span> <span class='ocrx_word' id='word_1_318' title='bbox 923 3457 986 3520; x_wconf 84' lang='lat' dir='ltr'>cqm</span> <span class='ocrx_word' id='word_1_319' title='bbox 1000 3440 1054 3500; x_wconf 92' lang='lat' dir='ltr'>hor</span> <span class='ocrx_word' id='word_1_320' title='bbox 1104 3446 1155 3501; x_wconf 84' lang='grc'>169</span> 
     </span>
    </p>
   </div>
   <div class='ocr_carea' id='block_1_5' title="bbox 0 0 1282 3866">
    <p class='ocr_par' dir='ltr' id='par_1_14' title="bbox 0 0 1282 3866">
     <span class='ocr_line' id='line_1_40' title="bbox 0 0 1282 3866; baseline 0 0"><span class='ocrx_word' id='word_1_321' title='bbox 0 0 1282 3866; x_wconf 95' lang='lat' dir='ltr'> </span> 
     </span>
    </p>
   </div>
  </div>
 </body>
</html>
