2512 3858
152 256 190 304 1v
548 251 742 298 PRAEFATIO

153 429 214 469 nem
229 411 377 468 habeamus
385 411 578 484 ‚inprimis-in
594 409 741 465 herbarum
756 409 929 480 nominibus,
945 411 973 465 in
989 410 1143 482 quibushic
1244 405 1245 450 l

152 495 240 566 magis
257 511 336 565 qnam
352 495 465 550 codices
479 492 595 550 Pliniaui
617 493 732 548 inclinat
746 492 781 548 ad
797 492 902 550 Graeca
923 495 1075 563 elementa,
1097 497 1143 550 sed

153 594 232 652 quum
250 578 323 662 quod
340 596 420 635 unum
442 581 532 633 exstat
552 577 611 632 eius
633 574 775 646 exemplar
790 577 1002 633 mendosissime
1018 577 1054 632 sit
1075 579 1143 633 scri

152 669 243 736 ptum,
268 669 396 719 accurate
411 666 453 716 est
470 659 694 745 examinandum,
715 659 783 761 quid
800 664 846 715 aut
862 661 992 732 analogia
1009 669 1143 717 'commen-

152 746 232 802 d'etur
248 752 295 802 aut
311 743 487 836 etymologia.

214 829 290 886 llaec
312 844 381 884 vero
401 826 511 882 nomina
534 826 676 883 scribendi
699 825 771 882 ratio
797 827 849 882 hos
874 827 963 882 libros
990 829 1144 885 emendanti

151 914 294 970 maximam
315 911 395 968 affert
416 909 620 1005 difficultatem,
652 927 704 982 qua
728 909 837 981 quidem
858 910 885 964 in
907 926 938 965 re
959 911 1041 982 paulo
1066 913 1145 968 aliam

151 998 224 1054 viam
241 998 388 1066 ingressus
407 1009 467 1048 sum
482 994 594 1064 atque
587 1011 614 1048 ιιι
635 993 791 1052 nominibus
806 993 1006 1065 geographicis
1021 996 1095 1065 plus
1098 1013 1143 1050 au-

152 1079 289 1138 ctoritatis
311 1077 459 1133 tribuendo
476 1075 590 1132 Graecis
612 1076 814 1151 scriptoribus,
841 1093 1059 1149 quamquam—
1073 1073 1169 1148 qnod'

151 1164 254 1220 dictum
273 1160 310 1216 sit
328 1161 402 1216 bona
422 1177 493 1232 paca
514 1161 641 1217 censoris
655 1153 858 1236 Viennensis*)
873 1189 913 1200 -
934 1162 962 1217 in
976 1162 1019 1217 his
1038 1177 1144 1234 quoque

151 1245 255 1301 Plinius
271 1243 419 1315 aliquando
435 1243 561 1300 confudit
575 1241 683 1300 litteras
699 1244 834 1314 Graecas,
855 1250 894 1299 ut
901 1241 926 1299 Ο
941 1252 969 1301 ιι
984 1241 1008 1300 Θ
1024 1241 1096 1318 (vid
1111 1247 1145 1301 ad

149 1347 176 1401 p.
193 1332 254 1386 241.
269 1327 287 1382 l
300 1323 349 1400 32)
366 1327 515 1420 scribendo
536 1325 717 1419 thripunum,
738 1325 804 1382 etE
818 1334 846 1383 et
860 1327 891 1382 Σ
904 1323 975 1400 (vid.
991 1330 1067 1400 adp.
1085 1333 1142 1387 244.

151 1407 233 1492 128)
250 1427 286 1466 ex
300 1411 439 1466 adiectiro
451 1396 566 1482 ορεινὸς
580 1407 708 1466 iaciendo
723 1425 821 1465 nomen
839 1414 982 1468 ursinum.

215 1492 281 1548 Cum
296 1493 384 1550 aliis
376 1511 405 1548 ιιι
421 1494 505 1550 rebus
520 1494 598 1549 tum'
590 1510 618 1552 ιιι
633 1493 677 1548 liis
692 1492 848 1548 nominibus
864 1496 938 1565 quod
953 1513 985 1552 ea
1001 1513 1071 1567 quae
1090 1497 1145 1551 Sil-

150 1577 247 1649 ligium
269 1577 329 1632 lere
351 1583 463 1632 secutus
485 1576 587 1649 scripsi
610 1577 638 1631 in
666 1575 805 1631 iudicibus
826 1576 892 1633 libri
912 1577 931 1634 l.
955 1593 1010 1634 nou
1035 1580 1144 1635 omnino

151 1661 306 1730 congruant
327 1677 387 1715 cum
407 1660 444 1718 iis
469 1677 539 1732 quae
560 1660 589 1714 in
609 1661 663 1715 hoc
678 1658 818 1734 volumine
840 1657 930 1731 edidi,
951 1663 1079 1734 equidem
1104 1664 1145 1718 la-

146 1735 213 1800 ¹teor
227 1759 271 1800 me
294 1744 401 1800 dolere.
423 1760 499 1809 nam,
524 1744 592 1798 licet
618 1759 717 1798 verear
738 1759 773 1798 ne
794 1741 912 1798 Monens
935 1746 1026 1801 denuo
1050 1747 1078 1801 in
1102 1761 1144 1799 me

149 1827 275 1900 requirat
295 1820 412 1883 acumen
436 1826 542 1898 ingenii
571 1841 624 1898 quo
653 1841 722 1897 opus
748 1825 785 1880 sit
810 1832 896 1882 artem
918 1829 1041 1884 criticam
1063 1846 1145 1883 exer-

145 1903 311 1982 'centi**)‚1
328 1915 473 1980 antequam
491 1911 550 1966 eius
568 1915 728 1980 argumenta
747 1924 925 1980 cognovero,
952 1909 1016 1966 illos
1037 1912 1144 1968 indices

150 1986 209 2050 nou'
228 1993 446 2050 abiudicaverim
465 1991 554 2049 Plinio
580 1992 626 2064 qui
646 1992 675 2047 in
693 1993 746 2048 line
767 1993 904 2064 epistolae
928 1997 1158 2066 nuncupatoriae.

147 2076 294 2149 pollicitus
310 2082 400 2132 estse
418 2077 445 2133 ei
460 2071 523 2133 ease
539 2076 744 2132 subiuncturum
765 2076 830 2147 quid
849 2077 966 2148 singulis
983 2077 1063 2134 libris
1078 2093 1144 2132 con-

150 2161 295 2216 tineretur.
329 2159 385 2215 Sed
402 2177 471 2231 qnae
492 2160 667 2232 discrepant,
688 2167 736 2230 aa,
754 2176 835 2231 quum
851 2177 990 2231 perpauca
1009 2161 1145 2214 excedant

151 2235 382 2315 otho'graphiam,
406 2244 520 2300 minoris
532 2244 661 2299 momenti
680 2249 743 2298 sunt
760 2257 840 2312 quam
855 2255 925 2312 quae
937 2242 984 2295 liic
998 2249 1143 2312 ponantur.

215 2325 364 2382 (lodicibus
377 2327 497 2404 denique
513 2343 593 2381 manu
604 2325 718 2397 scriptis
730 2325 894 2395 ubicumque
905 2319 982 2396 potui
995 2324 1145 2382 obsecutus

149 2426 206 2467 non
223 2407 347 2465 dubitavi
363 2421 457 2463 corum
475 2424 612 2464 consensu
626 2404 794 2481 provocatus
814 2407 942 2480 recipere
957 2424 1064 2478 -quaea
1084 2412 1145 2465 vui-

151 2485 217 2564 gato
231 2508 282 2547 usn
298 2492 494 2562 abborrerent,
514 2498 544 2546 ιιι
563 2487 612 2564 (18
628 2487 682 2564 §§·
696 2497 737 2550 16.
755 2497 782 2546 et
799 2487 873 2564 162.)
897 2505 991 2546 oerum
1010 2496 1145 2563 secundo,

151 2581 180 2631 et
194 2581 228 2632 22
244 2571 264 2656 §
278 2580 317 2632 18.
333 2588 397 2629 cero
419 2576 507 2646 primo
527 2575 591 2630 loco
607 2574 736 2646 positum.
778 2573 957 2630 Coniecturae
973 2591 1027 2630 non
1046 2577 1144 2632 admisi

149 2659 206 2713 nisi
218 2651 264 2712 aut
276 2657 388 2713 codices
403 2658 558 2714 indicarent
569 2664 698 2729 corrupta
713 2673 776 2713 esse
789 2674 858 2728 quae
871 2657 900 2712 in
914 2658 1036 2728 vulgatis
1050 2677 1143 2715 exem-

144 2733 275 2812 plaribus
293 2741 471 2820 legerentur,
492 2741 546 2814 ipsi
558 2756 627 2797 vero
646 2756 701 2797 nou
715 2743 820 2796 certum
835 2741 1002 2812 praeberent
1021 2744 1143 2798 medica-

150 2830 283 2892 mentum,
302 2830 347 2878 aut
368 2840 465 2880 sensus
475 2819 634 2895 flagitaret
644 2829 673 2877 ut
695 2840 764 2894 quae
788 2825 975 2894 legerentur
967 2841 1004 2880 ιιι
1018 2826 1142 2895 utrisque

151 2912 335 2976 mutarentur,
368 2908 419 2963 sed
443 2909 569 2988 equidem
592 2913 667 2962 cente
690 2908 810 2964 arbitror
832 2924 911 2978 quam
937 2909 1073 2965 artissime
1098 2927 1143 2964 me

145 2985 290 3062 ‘pressisse
309 2990 434 3046 codicum
452 2991 581 3062 vestigia
627 2991 700 3061 quod
717 2997 805 3046 utrum
824 2991 1002 3060 fecerimus,
1021 2993 1049 3047 id
1067 2994 1144 3062 quod

123 3101 126 3109 ,
150 3073 217 3128 milri
235 3075 429 3145 exprobratum
446 3081 504 3145 est,
525 3091 579 3130 non
599 3073 652 3129 nisi
668 3074 789 3130 secundo
807 3074 871 3130 locu
892 3089 941 3130 eos
959 3033 1142 3205 adbibuerim,
1244 3089 1245 3098 ¹

150 3154 273 3212 iudicent
294 3157 350 3213 alii.
646 3167 656 3177 ·

215 3239 374 3295 Scribebam
388 3241 630 3314 Suevolurtiprid.
647 3240 686 3295 id.
700 3240 805 3297 Ianuar.
819 3240 1013 3297 mucccnvli.

144 3403 147 3410 ’
218 3404 299 3470 ⁴¹)OE
313 3405 473 3458 Katholische
487 3405 710 3470 Literalurzeltung
723 3403 796 3454 1856
812 3401 842 3451 N.
856 3347 898 3456 27.
913 3419 952 3468 p.
954 3403 1011 3455 208.

87 3471 92 3482 “
142 3499 145 3504 ·
198 3468 688 3554 *1)(2.11ιιι1ι11ιιιςιιιιιιιιΐιιιιιιηά
702 3473 777 3524 Liter.
795 3471 868 3524 1856
886 3463 965 3524 Ν.42.
980 3488 1007 3537 p
1018 3472 1077 3527 660

544 3600 746 3610 -—.-———
