2552 3866
158 200 216 262 134
487 210 788 259 c.ec1n1sucuun1

153 373 294 428 vocantur
308 367 343 426 ad
358 367 450 425 munia
466 383 522 444 qno
540 364 671 425 favonius
686 364 755 426 flare
768 343 884 439 debeat,
902 365 956 424 sed
969 381 1026 442 quo
1040 379 1147 443 coepe·

154 452 200 510 rit.
232 448 288 511 hoo
303 452 362 510 acri
383 451 540 512 intentione
562 447 731 508 servandum
753 459 814 538 est,
836 449 893 508 hoo
912 447 964 507 illo
985 464 1086 508 mense
1111 450 1148 508 si·

44 601 49 606 ,
156 551 241 632 gnum
257 535 328 594 deus
342 533 430 594 habet
444 533 648 592 observatione
663 518 785 593 minum'e
805 533 902 593 fallaci
928 539 975 591 ant
996 530 1096 606 dubia,
1126 535 1150 590 si

112 619 234 695 nosque
251 617 387 679 attendat.
414 617 489 676 unde
500 625 595 677 autem
609 617 722 701 spiret
714 637 739 676 rs
753 627 855 677 ventus
869 633 982 694 quaque
1000 625 1081 693 parte
1100 634 1149 674 ve·

123 723 182 766 aaa
196 703 264 777 niet,
280 697 401 761 diriimus
417 701 546 760 seeundo
562 695 706 760 volumine
722 710 751 760 et
762 703 889 762 dicemus
900 717 967 758 mor
979 699 1066 777 paulo
1080 717 1176 777 ope-s

114 787 259 846 sansoniae.
291 787 403 844 interim
419 778 456 844 ah'
472 802 508 846 eo
525 786 583 859 die,
599 786 727 862 quisquis
742 785 792 844 ille
806 785 907 858 fuerit,
924 799 981 861 quo
996 781 1067 842 hare
1083 799 1150 843 eoe-

155 871 240 950 perit,
253 885 310 928 non
324 871 421 946 utique
434 881 493 928 v11.
522 868 585 928 idus
596 867 694 943 Febr,
711 869 764 930 sed
776 869 837 928 sive
851 876 926 942 ante,
941 867 1054 943 quando
1067 885 1150 946 prae·

155 963 272 1029 vernat,
293 954 354 1012 siue
369 961 486 1030 postea,
509 953 621 1030 quando
637 952 741 1012 hiemat
755 961 822 1030 post
834 952 909 1011 diem
924 959 1049 1026 eertum,
1072 954 1150 1010 innn-

155 1055 234 1097 mera
255 1038 378 1097 rusticos
401 1053 469 1095 cura
488 1036 640 1113 distringat
659 1045 688 1095 et
708 1038 798 1114 prima
821 1050 952 1113 quaeque
976 1044 1151 1112 peragantur

114 1132 246 1200 anconae
271 1121 379 1180 differri
400 1129 554 1197 ¹nequeunt.
588 1121 740 1178 trimestria
762 1120 1001 1202 serantur,vites
1016 1127 1151 1196 putentur
1161 1143 1185 1183 ιο

116 1226 186 1267 aare
199 1222 253 1282 qua
270 1204 391 1264 diximus
405 1205 528 1279 ratione,
546 1204 631 1264 oleae
647 1212 796 1279 curentur,
818 1221 904 1281 poma
924 1211 1055 1262 serantur
1073 1204 1148 1261 inse·

156 1296 324 1365 ranturque,
343 1289 446 1347 vineae
460 1289 652 1366 partirentur,
669 1288 777 1346 semina
795 1287 975 1363 digerantur,
991 1288 1148 1346 instauren-

156 1367 281 1447 turadia,
297 1372 479 1446 harundines,
495 1370 617 1446 salioeS,
632 1373 763 1447 genistae
779 1379 909 1431 serantur
925 1370 1149 1446 caedanturqnc,

115 1464 165 1520 241
174 1470 229 1514 aas
241 1463 372 1515 serantur
386 1471 458 1514 vero
473 1455 551 1528 ulmi,
568 1455 678 1532 populi,
695 1454 813 1532 platani,
828 1457 867 1514 nti
879 1454 984 1514 dietum
997 1463 1050 1513 est.
1079 1453 1155 1530 Tum·

157 1551 186 1600 et
204 1548 321 1616 segetes
336 1541 470 1599 convenit
483 1555 619 1617 purgare,
635 1539 726 1598 sarire
743 1538 877 1598 hibernas
890 1537 990 1614 fruges
1004 1555 1148 1597 maxume·
1160 1558 1184 1600 1a

157 1643 214 1702 que
228 1624 281 1684 far.
310 1623 359 1682 lex
373 1633 452 1684 certa
467 1624 495 1682 in
511 1639 564 1697 eo,
585 1639 648 1680 cum
661 1631 794 1700 quattuor
808 1623 941 1682 fibrarum
957 1639 1024 1681 esse
1041 1639 1149 1699 eoepe-

156 1711 203 1784 rit,
214 1707 284 1767 'iaha
298 1724 369 1766 vero
384 1725 440 1767 non
455 1716 605 1784 antequam
621 1708 704 1764 trium
716 1706 859 1766 foliorum.
885 1715 952 1765 tuno
964 1722 1080 1784 quoque
1092 1706 1150 1765 levi

157 1792 271 1852 sarculo
294 1809 420 1869 purgare
446 1792 541 1849 verius
562 1807 646 1867 quam
670 1789 789 1868 fodere,
817 1791 968 1850 florentem
990 1791 1086 1866 utique
1102 1803 1150 1848 xv

156 1877 253 1954 primis
273 1874 374 1934 diebus
395 1891 452 1932 non
474 1874 625 1949 attingere.
662 1874 800 1934 hordeum
820 1875 875 1932 uisi
897 1875 976 1932 sicco
998 1891 1034 1931 ne
1050 1874 1146 1932 sarito.
1270 1936 1271 1956 ,

85 1971 88 1978 ’
156 1959 332 2037 putationem
356 1957 539 2033 aequinoctio
566 1965 712 2035 peractam
736 1958 851 2018 haheto.
889 1955 999 2017 Vineae
1020 1958 1184 2033 iugerumao

157 2050 312 2120 quaternae
331 2056 441 2119 operae
457 2048 564 2118 putant,
581 2040 729 2118 adligant'
720 2059 748 2100 ra
762 2040 877 2100 arbusto
892 2039 1021 2117 singulae
1040 2057 1149 2118 operae
1240 2081 1243 2087 ,
1267 2073 1271 2128 ἶ

114 2123 293 2187 marbores
310 2137 367 2183 xv.
394 2123 504 2183 Eodem
522 2123 579 2183 hoc
597 2133 728 2202 tempore
749 2125 896 2183 hortorum
916 2125 1148 2202 rosariorumque

115 2203 220 2294 {2222}
236 2225 303 2268 eura
326 2216 388 2284 cst,
411 2226 484 2285 quae
505 2210 659 2285 separatim
684 2210 829 2286 proxumis
854 2206 1044 2268 uoluminibus
1071 2207 1147 2267 dioe-

156 2301 217 2368 tur,
240 2292 343 2352 eodem
366 2301 395 2351 et
416 2291 529 2370 topiari.
559 2299 617 2349 tum
636 2300 752 2369 optume
774 2291 894 2351 scrobes
917 2291 994 2350 hunt.
1027 2293 1149 2353 terrain

156 2376 278 2436 futurum
299 2375 491 2452 proscinditur
515 2372 646 2449 Vergilio
667 2392 796 2433 maxume
819 2384 954 2449 auctore,
977 2384 1007 2434 ut
1027 2374 1183 2452 glaebasns

157 2459 202 2519 sol
219 2467 331 2534 coquat.
363 2457 459 2517 utilior
473 2457 614 2515 sententia
632 2474 705 2534 quae
720 2460 840 2516 nonnisi
853 2466 1041 2536 temperatum
1056 2459 1149 2518 solum

155 2539 250 2600 medio
266 2559 336 2600 vere
350 2539 424 2600 arari
439 2539 534 2614 iubet,
550 2539 682 2616 quoniam
697 2543 724 2598 in
745 2542 842 2618 pingui
864 2543 956 2601 statim
979 2542 1077 2602 sulcos
1098 2559 1148 2601 oo·

157 2633 263 2701 capent
282 2620 406 2697 herbae,
428 2622 530 2700 gracili
546 2623 667 2682 insecuti
687 2633 784 2683 aestus
805 2627 956 2684 exsiccent
978 2643 1147 2703 omnemque

155 2724 254 2766 sucum
280 2707 408 2765 uenturis
438 2705 592 2767 seminibus
619 2706 756 2768 auferant.
802 2708 869 2768 talia
891 2717 1022 2768 autumno
1045 2708 1147 2769 melius

113 2792 245 2855 tt3arari
262 2799 369 2850 certum
389 2799 442 2850 est.
475 2790 515 2869 [3]
553 2787 624 2848 Cato
645 2809 734 2851 verua
757 2809 846 2870 opera
867 2793 909 2850 sic
932 2791 1043 2852 definit:
1066 2809 1182 2851 soro-ao

155 2874 208 2934 hes
236 2874 299 2934 heri
326 2875 498 2953 seminariis,
524 2874 634 2932 vitiario
655 2876 826 2953 propagari,
848 2876 876 2933 in
897 2875 970 2934 locis
993 2878 1098 2936 crassis
1117 2885 1147 2934 et

154 2958 256 3018 umidis
273 2957 375 3035 ulmos,
389 2957 474 3033 ticos,
491 2973 593 3036 poma,
610 2957 691 3017 oleas
706 2960 778 3032 seri,
803 2966 884 3035 prata
905 2961 1060 3018 stercorari
1080 2959 1146 3018 luna

156 3043 280 3117 sitiente,
298 3059 372 3119 quae
387 3041 468 3116 rigua
482 3049 643 3116 nonerunt,
659 3060 675 3100 a
690 3042 755 3101 flatu
767 3041 864 3101 favoni
877 3041 1001 3116 defendi,
1017 3045 1145 3120 purgari,

154 3124 259 3184 herhas
274 3125 364 3185 malas
380 3123 513 3184 radicitus
526 3126 597 3198 erui,
617 3125 688 3184 iicns
701 3125 901 3203 interpurgari‚
920 3127 1071 3186 seminaria
1084 3126 1144 3183 fieri

155 3217 184 3267 et
194 3216 294 3266 vetera
306 3207 415 3281 sarciri,
429 3206 502 3266 haee
514 3215 664 3285 antequam
675 3209 785 3267 vineam
797 3208 898 3268 indere
913 3209 1042 3287 incipias.
1066 3211 1142 3267 item·
1153 3225 1180 3266 aa

154 3308 209 3368 qne
224 3293 287 3368 piro
303 3291 423 3351 florente
445 3307 526 3350 arare
548 3290 667 3369 incipias
684 3306 778 3351 maora
799 3290 1008 3369 harenosaque.
1042 3298 1144 3369 postea

153 3374 193 3432 uti
213 3391 344 3453 quaeque
367 3375 538 3450 gravissima
556 3382 585 3433 et
605 3375 792 3452 aquosissim'a
815 3376 854 3434 ita
882 3383 1027 3453 postremo
1052 3380 1141 3432 arato.

112 3455 249 3533 atthrgo
264 3457 337 3517 haec
350 3458 439 3516 aratio
455 3458 506 3517 has
522 3457 639 3516 habehit
654 3466 747 3532 notas,
764 3457 877 3516 lentisci
892 3459 1010 3534 primum
1021 3455 1142 3515 fructum
