2552 3866
319 223 399 270 usu.
416 220 505 269 ursr.
522 221 620 267 xvrn.
640 216 683 270 tu.
705 207 856 285 (ot—oe.)
1028 210 1086 271 139

89 385 120 435 ut
134 376 162 434 in
180 374 267 433 astris
283 373 425 450 pingitur,
447 373 482 433 ad
503 380 614 432 aestum
630 388 808 451 magnopere
828 373 990 450 pertinens,
1013 375 1086 436 sicut

91 458 175 537 paulo
191 473 260 517 mox
275 454 452 516 docebimus.
483 469 547 516 1111.
564 471 654 515 nonas
673 453 827 517 Chaldaeis
844 473 950 517 corona
970 474 1062 517 oc-no
1076 470 1127 525 269

90 542 158 602 cidit
179 541 333 616 matutino,
355 538 469 601 Atticae
489 538 579 599 Orion
602 547 677 599 totus
696 554 732 598 eo
751 539 797 598 die
820 541 958 599 exoritur.
995 545 1085 619 pridie

89 625 152 686 idus
173 623 259 684 Iulias
280 623 417 700 Aegypto
435 622 524 683 Orion
542 623 645 683 desinit
664 622 789 698 exoriri,
815 636 886 682 xvt.
907 623 966 683 lsal.
988 625 1085 704 Augu

66 724 77 762 s
91 718 151 769 stas
162 707 301 782 Assyriae
313 723 443 805 procyon
456 708 592 796 exoritur,
610 706 675 765 dein
689 714 756 785 post
767 705 889 766 triduum
903 708 966 767 iere
981 708 1086 787 ubique

88 791 255 853 confessum
270 792 344 850 iuter
358 791 449 848 omnis
466 790 544 850 sidus
562 785 690 850 indicans
701 789 783 868 quod
799 791 877 850 oanis
892 799 983 850 ortum
1000 809 1085 852 voca·

87 893 184 950 mus,
174 874 238 935 sole
253 883 362 952 partem
373 874 491 951 primam
502 873 596 932 leonis
610 874 754 950 ingresso.
777 871 840 933 lloc
851 874 882 933 lit
891 883 961 952 post
975 876 1070 936 solsti·
1077 885 1128 940 270

88 961 156 1018 tium
170 971 269 1017 xxm.
286 958 342 1018 die.
379 957 502 1017 sennuut
513 956 542 1015 1d
553 973 641 1016 marra
656 965 685 1017 et
703 966 814 1033 terrae,
836 957 941 1018 multae
963 977 1034 1020 vero
1058 969 1086 1020 et

88 1043 180 1116 ierac,
197 1050 227 1100 ut
241 1042 300 1100 suis
314 1041 388 1100 loeis
404 1041 535 1100 diximus
563 1055 660 1119 neque
682 1049 727 1100 est
751 1042 843 1100 minor
865 1042 893 1100 ei
912 1045 1060 1103 veneratio
1074 1043 1128 1129 ξξ37

52 1142 78 1182 10
89 1143 171 1205 quarn
186 1124 362 1202 descriptis·
353 1142 382 1183 ιιι
405 1125 477 1184 deos
501 1122 595 1183 stellis
603 1124 823 1202 ,accenditque
846 1125 939 1186 solem
964 1136 993 1186 et
1019 1145 1076 1188 ma-

87 1225 170 1286 gnam
181 1217 278 1267 aestus
290 1207 406 1286 optinet
412 1224 537 1268 causam
563 1220 639 1267 xm.
651 1207 709 1269 lral.
722 1207 843 1284 August.
856 1208 993 1308 Aegypto
1007 1211 1085 1288 aqui-

88 1293 114 1352 la
133 1290 239 1351 occidit
257 1292 393 1352 matutino
420 1291 633 1388 etesiarumque
658 1291 806 1369 prodromi
829 1292 912 1352 llatus
938 1294 1085 1372 incipiunt,

88 1375 163 1454 quod
183 1373 293 1436 Caesar
305 1389 338 1434 x.
355 1374 495 1435 kalendas
516 1376 623 1434 sentire
641 1372 750 1434 ltaliam
766 1376 946 1436 existlrnavit.
976 1377 1125 1457 aquilat'll

88 1460 201 1518 Atticae
221 1460 358 1519 matutino
381 1457 506 1534 occidit,
534 1471 584 1518 111.
604 1456 663 1518 kal.
685 1460 767 1536 regia
793 1461 822 1518 in
844 1469 966 1537 pectore
991 1461 1085 1520 leonis

54 1541 173 1606 cotella
192 1544 328 1602 matutino
356 1540 475 1602 Caesari
496 1542 626 1618 emergit.
665 1555 739 1602 vm.
766 1541 829 1602 idus
850 1542 925 1620 Aug.
956 1537 1084 1604 arcturus

87 1623 197 1685 medius
215 1625 331 1703 oceidit,
346 1638 395 1684 111.
412 1625 475 1684 idus
490 1624 605 1684 fidicula
621 1639 728 1684 occasu
744 1642 795 1684 suo
810 1633 971 1685 autumnum
987 1627 1083 1687 incho-

87 1719 131 1783 at,
148 1709 187 1766 uti
205 1709 231 1766 is
248 1708 374 1767 adnotat.
400 1707 452 1766 sed
469 1725 539 1766 uera
555 1707 628 1766 ratio
647 1706 675 1766 id
691 1706 754 1766 lieri
771 1708 1084 1770 inuenitv1.iduseas-

88 1792 162 1852 dem.
191 1791 231 1869 [a]
257 1789 290 1849 ln
300 1789 357 1849 hoc
368 1790 507 1866 temporis
521 1789 673 1850 intervallo
687 1795 738 1850 'res
750 1808 856 1851 summa
867 1793 965 1852 vitium
976 1793 1069 1869 agitur
1075 1799 1126 1854 272

88 1874 255 1950 decretorio
270 1875 334 1932 uvis
349 1872 445 1933 sidere
461 1872 512 1932 illo
527 1873 604 1951 quod
620 1873 776 1934 caniculam
793 1875 1016 1953 appellavimus,
1037 1894 1125 1935 ιιι-ιιι

55 1979 80 2020 ιι
90 1959 127 2018 de
139 1957 347 2018 carbunculare
359 1958 489 2017 dicuntur
499 1966 530 2016 ut
541 1957 664 2034 quodam
677 1957 803 2018 uredinis
816 1957 941 2020 carbone
954 1969 1082 2020 exustae.

88 2059 146 2101 non
163 2046 356 2119 conparantur
371 2039 437 2098 huic
447 2039 522 2099 malo
538 2039 701 2117 mandinse,
719 2042 868 2118 procellae
881 2061 1012 2121 quaeque
1024 2062 1082 2104 um·

89 2143 173 2203 quam
189 2141 319 2185 annonae
334 2122 458 2182 intulere
475 2124 632 2188 caritatem.
663 2139 797 2200 agrorum
811 2127 916 2204 qnippe
929 2127 1002 2186 mala
1018 2138 1082 2187 sunt

88 2209 147 2286 illa,
168 2207 358 2268 carbunculus
372 2215 466 2266 autem
479 2207 629 2282 regionum
646 2205 704 2266 late
721 2210 886 2284 patentium,
901 2226 958 2268 non
973 2209 1083 2270 difficili

89 2291 235 2367 remedio,
252 2291 306 2350 nisi
322 2289 487 2350 calumniari
506 2297 633 2349 naturam
656 2307 751 2348 rerum
770 2289 899 2350 homines
923 2309 1017 2368 quam¹
1030 2291 1082 2350 sibi

55 2393 81 2434 aa
91 2374 234 2453 prodesse
252 2373 378 2434 mallent.
405 2372 500 2433 ferunt
514 2372 724 2449 Democritum,
743 2374 790 2451 qui
805 2374 911 2451 primus
925 2373 1124 2452 intellexitnts

89 2458 273 2555 ostenditque
294 2456 369 2517 caeli
391 2473 454 2515 oum
475 2457 560 2516 terris
582 2457 767 2532 societatem,
787 2456 989 2534 spernentibus
1009 2457 1083 2518 bano

90 2559 188 2602 curam
207 2541 269 2600 eius
288 2540 512 2618 opulentissimis
530 2539 649 2614 civium,
672 2541 805 2617 praevisa
826 2540 884 2600 olei
908 2542 1025 2600 caritate
1045 2559 1083 2600 ex

89 2628 186 2686 futuro
202 2624 384 2700 vergiliarum
408 2631 471 2682 ortu
495 2640 550 2700 qua
570 2621 690 2682 dumus
711 2625 822 2683 ratione
842 2625 1038 2684 ostendemus·
1057 2644 1084 2686 ιι.
1089 2644 1124 2678 cs

91 2727 149 2788 que
162 2708 218 2766 iam
233 2707 358 2784 planius,
374 2714 549 2783 magnatum
560 2704 669 2764 uilitate
689 2716 809 2783 propter
820 2725 901 2786 spem
916 2699 1022 2768 olivae
1034 2725 1082 2768 co·

56 2816 81 2856 ao
91 2791 197 2854 emisse
212 2791 240 2848 in
255 2797 316 2849 toto
332 2798 422 2850 tractu
435 2805 518 2848 omne
533 2787 639 2861 oleum,
655 2787 818 2848 mirantibus
830 2806 877 2867 qur
886 2800 1083 2868 paupertatem

91 2875 275 2954 quietemque
288 2872 520 2933 doctrinarum
493 2890 520 2932 er
538 2869 686 2930 sciebant
678 2888 706 2929 ιιι
721 2872 818 2949 primis
830 2872 911 2932 cordi
924 2891 1001 2934 esse
1026 2882 1066 2932 at·
1072 2881 1124 2936 nte

92 2975 149 3036 que
165 2965 195 3016 ut
209 2955 339 3034 adparuit
354 2972 439 3015 eausa
455 2964 484 3014 et
497 2955 598 3031 iugens
616 2954 776 3013 divitiarum
792 2971 902 3030 cursus,
921 2957 1081 3016 restituisse

91 3039 255 3102 mercedem
270 3038 372 3098 anxiae
388 3046 418 3096 et
431 3039 531 3099 avidae
547 3036 722 3097 dominorum
738 3041 948 3115 poenitentiae,
964 3046 1080 3097 conten-

92 3135 151 3184 tum
164 3125 203 3181 ita
217 3122 387 3200 probavisse
402 3138 475 3199 opes
490 3120 545 3180 sibi
558 3117 586 3180 in
601 3118 689 3197 facili,
707 3138 770 3180 cum
786 3123 890 3196 vellet,
911 3121 985 3182 iore.
1019 3119 1081 3181 lloc

57 3215 195 3286 aspostea
213 3206 328 3264 Sextius
348 3223 365 3264 e
385 3202 520 3263 Romanis
537 3203 693 3280 sapientiae
716 3203 943 3266 adsectatoribus
960 3205 1081 3265 Athenis

92 3292 163 3351 iecit
175 3288 276 3351 cadem
287 3289 407 3347 ratione.
437 3295 513 3347 tanta
535 3287 691 3346 litterarum
704 3289 820 3348 occasio
839 3297 988 3365 est,·quas
1001 3290 1078 3366 equi·

93 3375 158 3434 dem
172 3369 301 3434 miscebo
315 3371 478 3446 agrestibus
493 3371 617 3445 negotiis
633 3387 716 3447 quam
735 3381 838 3449 potero
854 3371 977 3430 dilucide
994 3381 1080 3449 atque

93 3457 258 3534 perspicue.
281 3453 414 3532 Plerique
430 3454 530 3514 dixere
545 3469 640 3512 rorem
653 3455 773 3514 inustum
784 3454 848 3513 sole
863 3455 923 3514 acri
937 3453 1121 3532 frugibustlt
