2552 3866
297 225 698 278 aar.msn.xx.11-1n
716 216 871 294 (tt-48.)
1026 219 1087 282 tot

92 380 233 442 leoselino
248 383 293 441 ‚vis
307 381 419 459 privata
436 389 534 442 contra
550 397 691 458 araneos,
708 382 761 442 sed
777 392 806 442 et
821 383 988 445 oreoselino
1005 385 1086 446 femi·

91 483 144 526 nne
158 475 317 544 purgantur
333 483 351 525 e
367 465 445 526 uino.

147 548 196 610 12.
213 550 297 628 (47.)
317 548 384 608 Alio
399 566 512 648 ponere
527 549 728 629 petroselinon
743 503 857 629 quidam
873 551 1023 630 appellant
1041 555 1128 617 inllfl

91 633 168 692 saxis
182 641 287 709 natum,
306 634 494 712 praecipuum
509 634 545 694 ad
562 633 706 734 vomicas,
725 634 909 696 coclearibus
930 635 1004 696 binis
1025 639 1087 696 suoi

67 717 217 780 sudditis
209 735 236 775 m
252 715 385 791 cyathum
401 716 527 777 marruhi
541 719 604 777 suci
618 725 704 795 atque
716 718 755 778 ita
768 718 985 798 calidaeaqoae
996 720 1086 779 tribns

90 799 209 874 cyathis.
238 799 376 860 addidere
391 800 505 879 quidam
520 799 675 861 buselinon
689 799 827 862 differens
839 802 982 862 brevitate
996 803 1087 862 caulis

89 900 105 944 a
120 885 211 944 sativo
228 893 256 943 et
271 883 376 944 radicis
393 884 494 945 colore
512 883 589 962 rulo,
604 884 734 946 eiusdem
751 885 884 946 effectus
913 886 1086 966 praevalere

89 976 188 1027 contra
205 969 349 1046 serpentis
365 977 435 1048 potu
451 978 481 1028 et
495 963 585 1028 linitur

130 1051 214 1132 (48)
235 1050 363 1111 Ocimnm
379 1069 495 1132 quoque
507 1050 689 1132 Chrysippus
704 1052 832 1130 graviter
849 1041 993 1151 increpuit
1006 1054 1065 1113 inu
1079 1064 1129 1120 119

54 1135 136 1199 rotile
154 1136 321 1212 stomacho,
337 1137 453 1212 urinae,
472 1137 621 1196 oculorum
642 1153 758 1236 qnoque
775 1131 913 1214 claritati,
933 1147 1086 1215 praeterea

85 1219 224 1279 insaniam
235 1219 334 1280 iacere
351 1228 380 1280 et
393 1219 543 1298 lethargos
559 1221 610 1279 et
602 1220 740 1280 iocineris
751 1221 829 1297 vitia,
844 1220 969 1299 ideoque
983 1239 1086 1300 capras

77 1302 113 1362 id
132 1304 318 1384 adspernari,
340 1302 501 1364 horninibus
522 1320 640 1382 quoque
656 1302 823 1380 fugiendum
839 1313 949 1367 censet.
981 1304 1086 1365 addunt

87 1387 199 1463 qnidam
213 1388 325 1464 tritum,
342 1388 366 1446 si
381 1387 529 1465 operiatur
540 1387 653 1467 lapide,
670 1388 857 1466 scorpionem
870 1390 1002 1466 gignere,
1017 1407 1085 1449 con·

86 1470 282 1531 manducatum
297 1480 325 1530 et
337 1471 365 1531 in
380 1471 445 1531 sole
458 1471 583 1550 posituro
596 1472 719 1548 vermis,
743 1470 807 1532 Afri
819 1489 907 1550 vero,
925 1473 949 1532 si
965 1490 1002 1532 eo
1018 1473 1065 1533 die
1078 1483 1128 1536 120

51 1576 77 1616 rs
87 1551 206 1613 feriatur
221 1555 360 1632 quispiam
380 1572 396 1614 a
412 1556 569 1634 scorpione
586 1572 642 1634 quo
662 1555 755 1615 ederit
771 1556 908 1633 ocimum,
924 1574 981 1615 non
996 1575 1086 1635 posse

89 1639 209 1696 servari.
230 1637 299 1713 quin
313 1638 397 1695 immo
413 1638 526 1697 tradunt
539 1637 626 1716 aliqui
640 1637 785 1717 manipulo
798 1639 882 1698 ocimi
897 1657 960 1698 cum
973 1643 1086 1699 canoris

87 1723 191 1782 decern
204 1720 320 1778 marinis
335 1719 384 1778 rel
401 1720 585 1780 fluviatilibus
602 1722 668 1780 trito
685 1723 843 1781 convenire
858 1722 939 1782 adid
954 1724 1084 1801 scorpio·

86 1823 140 1865 nes
162 1822 200 1864 er
222 1819 364 1881 proxumo
381 1803 482 1863 omnis.
517 1803 661 1864 Diodotus
680 1805 710 1865 in
730 1806 877 1883 empiricis
898 1806 983 1866 etiarn
1005 1806 1084 1884 pedi·
1165 1870 1170 1878 ,
1267 1839 1268 1896 p

88 1888 170 1948 colos
183 1887 284 1948 facere
295 1887 380 1947 ooinri
392 1886 496 1950 oiltnm.
518 1896 620 1948 secuta
631 1898 714 1949 oetas
724 1890 832 1949 acriter
845 1888 985 1966 defendit,
1001 1907 1065 1952 nant
1076 1901 1126 1954 121

48 1999 76 2041 20
86 1972 115 2032 id
130 1989 198 2032 esse
214 1987 333 2050 capros,
353 1986 410 2030 neo
425 1973 556 2049 eniqnarn
570 1981 696 2032 mentem
709 1982 830 2049 motans,
851 1982 881 2033 et
898 1975 1085 2052 scorpionum

85 2055 270 2116 terrestrium
291 2054 397 2114 icdbos
415 2057 646 2134 marinorumque
674 2058 795 2116 venenis
817 2057 927 2118 rnederi
954 2076 992 2117 ex
1015 2059 1083 2119 vino
1116 2101 1118 2112 .

85 2140 189 2202 addito.
206 2139 282 2198 aceti
304 2139 420 2215 exiguo.
468 2157 523 2198 nso
546 2157 661 2219 quoqne
682 2149 852 2217 conpertum
883 2140 1083 2214 deficientibus

85 2243 123 2284 ex
145 2233 231 2290 aceto
253 2219 375 2282 odoratu
394 2222 521 2282 salutare
542 2241 628 2299 esse,
651 2224 720 2284 item
741 2223 910 2300 lethargicis
931 2233 961 2282 et
975 2225 1083 2286 indern-

84 2309 167 2370 matis
186 2306 420 2384 refrigerationi‚
444 2307 554 2371 inlitum
579 2308 684 2385 capitis
703 2306 939 2371 doloribuscum
957 2325 1083 2369 rosaceo

46 2401 134 2457 25aut
145 2399 258 2467 myrteo
274 2399 323 2451 eut
336 2399 439 2466 aceto,
458 2391 529 2451 item'
540 2391 691 2452 oculorum
707 2390 859 2471 epiphoris
874 2392 1030 2470 inpositum
1046 2409 1084 2450 ex

85 2474 164 2534 vino.
188 2473 337 2535 stomacho
355 2471 558 2554 quoqne'ntile
573 2475 736 2536 inflationes
748 2483 831 2538 ructo
851 2493 890 2536 ex
905 2485 991 2536 aceto
1006 2475 1126 2550 dis-122

86 2558 206 2620 solvere
228 2567 385 2636 sumptum,
411 2558 506 2618 alvom
532 2560 636 2620 sistere
660 2560 831 2639 inpositum,
860 2559 969 2618 urinam
992 2563 1083 2635 ciere,

85 2644 129 2702 sie
152 2650 181 2701 et
203 2641 304 2701 morbo
324 2643 408 2718 regio
430 2650 460 2701 et
481 2641 647 2721 hydropicis
663 2643 824 2721 prodesse,
841 2644 926 2704 etiarn
942 2643 1083 2718 choleris,

85 2725 297 2788 destillationes
311 2725 451 2786 stomachi
465 2724 597 2784 inhiberi.
620 2741 693 2802 ergo
709 2728 793 2786 etiarn
806 2726 944 2786 coeliacis
954 2727 1084 2788 Philistio

45 2831 75 2874 so
86 2809 180 2883 dedit,
203 2817 232 2869 et
248 2816 360 2868 coctum
374 2809 567 2885 dysintericis,
586 2818 616 2869 et
636 2817 735 2868 eontra
751 2809 937 2870 Plistonicnm
952 2810 1040 2888 aliqui
1055 2818 1085 2868 et

85 2895 115 2953 in
129 2901 261 2953 tenesmo
283 2899 313 2951 et
333 2892 499 2970 sangninem
514 2891 734 2954 exscreantiltns
748 2893 777 2952 in
793 2893 876 2967 vino,
895 2891 998 2952 duritia
1013 2908 1083 2970 quo·

86 2995 144 3056 que
157 2975 402 3055 praecordiorum.
424 2976 548 3036 inlinitur
558 2978 685 3036 mammis
697 2977 910 3054 exstinguitque
922 2975 1006 3036 lactis
1016 2991 1082 3053 pro-

84 3068 211 3120 ventum.
234 3058 349 3121 auribus
362 3058 538 3120 utilissimum
550 3060 711 3136 infantium,
728 3061 885 3139 praecipue
901 3075 965 3118 cnm
977 3058 1061 3138 adipe
1075 3065 1125 3122 123

85 3146 232 3206 anserino.
255 3161 354 3204 semen
367 3143 462 3203 tritum
473 3153 503 3204 et
513 3145 642 3204 haustum
654 3144 769 3205 naribus
781 3151 975 3204 sternumenta
986 3152 1084 3204 movet

46 3253 77 3295 ss
87 3238 118 3290 et
132 3228 343 3289 destillationes
360 3241 476 3306 qnoque
494 3229 579 3307 capiti
595 3227 719 3303 inlitum,
735 3227 838 3287 volvas
852 3235 957 3306 purgat
971 3228 999 3286 in
1015 3225 1081 3286 cibo

88 3332 126 3374 ex
141 3321 237 3373 aceto.
266 3329 406 3371 verrucas
419 3311 509 3391 mixto
527 3320 685 3372 atramento
702 3312 812 3371 sutorio
830 3310 914 3370 tollit.
945 3327 1083 3372 tenuem

88 3398 231 3474 stimulat,
252 3394 318 3455 ideo
335 3396 419 3454 etiam
434 3395 518 3473 equis
532 3396 676 3474 asinisque
693 3395 868 3456 admissurae
885 3403 1016 3473 tempore
1039 3396 1081 3456 in·

88 3483 207 3559 geritur.

1194 3587 1198 3595 .
1258 3473 1261 3564 r
