2552 3866
152 196 219 258 -196
407 237 413 248 ,
483 168 790 252 c.rn1n1snouno1

114 375 150 428 50
211 361 294 439 (23.)
317 358 385 419 ΑΙίο
400 376 502 435 magna
523 360 583 434 vis,
603 373 724 434 magnae
742 354 879 415 utilitates
897 362 998 416 contra
1018 373 1154 434 aquarum

159 455 188 506 et
199 446 331 505 locorum
343 445 525 504 mutationes.
541 449 709 519 ¹serpentes
724 438 814 518 abigit
830 448 859 498 et
874 441 1046 518 scorpiones
1063 440 1155 500 odore
1215 502 1219 510 ,

157 539 260 608 atque,
281 537 312 587 ut
327 527 415 604 aliqui
430 526 592 600 tradidere,
619 524 744 599 bestias,
770 531 870 582 contra
891 524 983 583 omnis
1003 524 1077 583 ictus
1096 542 1154 584 me·

158 615 242 674 detur
262 620 332 690 potu
352 609 401 670 vel
420 609 484 670 cibo
503 609 551 668 vel
574 607 825 687 inlitu,·‹privatim
841 617 942 668 contra
959 607 1155 668 haemorrhoi-

158 698 209 758 das
226 713 290 756 cum
304 695 371 754 vino
385 693 527 768 redditum
541 693 660 752 vomitu
688 693 735 767 ac',
750 709 787 751 ne
800 700 900 750 contra
914 708 1084 751 araneorum
1095 711 1154 752 mu·
1171 707 1183 745 s

158 784 231 842 rium
252 787 424 840 venenatum
445 794 570 837 morsum
592 776 694 835 valere
716 777 867 849 miremur,
893 777 1052 851 aconitum,
1081 776 1158 854 quod

160 864 217 924 alio
233 863 347 924 nomine
366 860 586 941 pardalianches
601 868 737 934 vocatur,
762 857 907 934 debellat,
929 860 998 917 item
1014 857 1157 935 hyoscya-

158 966 249 1025 mum,
272 964 372 1006 cannm
392 962 523 1022 morsus,
546 947 574 1004 in
595 962 670 1022 quae
684 943 804 1002 volnera
819 959 881 1000 curn
895 941 983 1002 melle
1002 944 1157 1022 inponitur.

118 1044 151 1097 51
164 1032 199 1093 ad
222 1031 400 1109 serpentium
418 1028 534 1108 quidem
557 1029 631 1088 ictus
649 1036 747 1106 potum
764 1042 828 1084 cunr
841 1026 968 1086 restibus
983 1028 1043 1086 suis
1060 1027 1158 1089 effica-

160 1117 275 1177 cissime
294 1132 332 1173 ex
348 1114 416 1174 oleo
431 1113 575 1189 inlinitur,
598 1113 759 1188 attritisque
774 1125 928 1186 corporum
944 1109 1091 1188 partibas,
1109 1111 1160 1171 vel
1172 1125 1195 1166 to

161 1202 186 1259 si
200 1201 230 1258 iu
244 1199 359 1258 vesicas
374 1198 565 1258 intumuerint.
580 1197 661 1273 quin
677 1202 706 1253 ct
721 1190 816 1252 suffitu
828 1208 866 1252 eo
881 1195 1001 1254 evocari
1015 1195 1160 1255 secundas

162 1292 260 1364 parus
288 1283 430 1342 existimat
453 1281 662 1357 Hippocrates,
694 1278 791 1336 cinere
814 1291 913 1334 eorum
935 1293 999 1336 curu
1021 1278 1088 1338 oleo
1111 1297 1160 1338 ca·

117 1379 154 1434 tta
166 1369 232 1448 pitis
247 1363 347 1426 ulcera
360 1363 502 1424 manantia
522 1361 634 1419 sanitati
650 1361 815 1418 restituens.
846 1360 1013 1435 suspiriosis
1032 1372 1159 1439 coctum,

162 1452 250 1529 aliqui
271 1450 387 1510 crudum
408 1443 436 1502 id
458 1442 583 1517 dedere,
607 1439 728 1499 Diocles
744 1438 913 1518 hydropicis
932 1459 994 1500 cum
1011 1446 1161 1503 centaurio

163 1546 210 1596 ant
234 1536 262 1594 in
284 1534 339 1593 lico
362 1527 471 1606 duplici
494 1524 529 1584 ad
544 1524 748 1584 'evacuandam
768 1522 879 1600 alvom,
905 1526 983 1602 quod
1010 1527 1201 1590 efficacinsrs

163 1625 292 1698 praestat
317 1613 408 1672 viride
433 1629 496 1670 cnm
518 1607 670 1670 coriandro
692 1609 721 1666 in
744 1623 825 1667 mero
848 1617 964 1686 potum,
992 1611 1163 1688 suspiriosis
1257 1645 1258 1680 r

164 1703 253 1780 aliqui
268 1697 402 1758 attritum
416 1695 445 1752 in
459 1695 537 1755 lactc
554 1691 702 1754 dederunt.
728 1691 910 1768 Praxagoras
927 1702 957 1752 et
971 1703 1071 1754 contra
1085 1711 1162 1754 mor·

163 1787 230 1846 btrm
245 1782 355 1858 regium
371 1780 438 1838 vino
453 1777 567 1837 miscuit
580 1785 609 1836 et
626 1785 726 1836 contra
743 1774 831 1834 ileum
847 1777 875 1834 in
890 1776 957 1836 oleo
974 1787 1003 1837 et
1015 1777 1105 1856 pulte,
1119 1779 1163 1838 sic

164 1870 286 1929 inlinens
302 1863 415 1923 strumis
433 1878 557 1939 quoque.
590 1861 698 1937 antiqui
715 1867 744 1920 et
756 1859 963 1920 insanientibus
979 1861 1083 1922 dabant
1097 1880 1162 1922 cru·

165 1954 244 2022 dum,
265 1945 386 2007 Diocles
407 1943 585 2024 phreneticis
606 1943 721 2003 elixum.
754 1951 855 2003 contra
877 1945 995 2020 anginas
1018 1948 1112 2006 tritum
1133 1948 1198 2004 inao
1256 1985 1257 1996 r

123 2043 255 2112 53posca
268 2031 454 2107 gargarizare
471 2028 601 2107 prodest.
628 2029 754 2089 dentium
772 2026 903 2086 dolorem
917 2027 1007 2089 tribus
1020 2029 1162 2108 capitibus

37 2175 40 2186 ,
164 2120 193 2175 in
207 2121 293 2174 aceto
310 2114 384 2174 tritis
399 2113 542 2188 inminuit,
566 2111 616 2172 vel
631 2114 655 2171 si
670 2111 785 2171 decocti
801 2127 875 2190 aqua
891 2113 1060 2173 conluantur
1074 2114 1174 2188 adda-¹
1237 2116 1241 2124 '

104 2271 110 2280 Ι
164 2208 267 2275 turque
282 2198 375 2277 ipsum
389 2199 418 2257 in
434 2214 504 2257 cava
520 2195 655 2256 dentium.
681 2195 796 2255 auribus
811 2196 897 2255 etiarn
909 2197 1063 2256 instillatur
1074 2215 1162 2258 sucus

167 2301 230 2343 cunt
246 2283 330 2360 adipe
347 2283 492 2356 anserino,
507 2279 673 2358 phthiriasis
690 2287 719 2338 et
734 2279 897 2356 porrigines
914 2288 1022 2358 potum,
1038 2282 1107 2354 item
1120 2283 1161 2340 in-

149 2369 258 2427 ·iusum
274 2385 337 2426 curn
353 2375 437 2426 aceto
461 2373 489 2422 ct
504 2365 578 2422 nitro
596 2363 760 2447 conpescit,
781 2361 992 2423 destillationes
1007 2383 1070 2423 cum
1086 2366 1163 2425 lacte
1174 2377 1199 2416 2⁵
1255 2371 1256 2380 ’

167 2459 280 2512 coctum
295 2448 343 2507 vel
359 2451 453 2508 tritum
471 2448 679 2522 permixtumve
701 2462 788 2506 caseo
808 2446 908 2522 molli,
932 2464 988 2524 quo
1005 2465 1115 2525 genere
1134 2459 1165 2508 et

123 2542 160 2598 54
170 2534 338 2594 raucitatem
356 2537 491 2589 extenuat
512 2531 540 2588 in
558 2531 613 2607 pisi
635 2537 682 2590 aut
705 2528 791 2588 labae
815 2529 983 2592 sorbitione.
1025 2536 1053 2591 in
1073 2542 1164 2595 totum

168 2624 261 2677 autem
283 2622 396 2674 coctum
411 2612 506 2672 utilius
520 2621 565 2672 est
581 2611 669 2672 crudo
688 2611 850 2691 elixumque
864 2623 952 2675 tosto.
988 2618 1031 2676 sic
1050 2627 1080 2676 et
1095 2619 1165 2677 voci

168 2698 290 2763 confert.
332 2698 441 2756 taenias
460 2705 489 2758 et
508 2695 618 2775 reliqua
637 2696 770 2758 animalia
789 2697 1001 2759 interaneorum
1027 2702 1110 2781 pellit
1133 2704 1163 2760 in

169 2792 252 2844 aceto
268 2779 360 2840 mulso
384 2791 511 2856 coctum,
530 2790 659 2841 tenesmo
681 2782 710 2838 in
729 2781 808 2858 pulte
830 2780 976 2862 medetur,
1000 2793 1164 2863 temporum
1174 2796 1199 2837 3⁰

96 2870 99 2876 '
169 2865 317 2928 doloribus
332 2864 457 2925 inlinitur
473 2864 594 2939 elixum,
611 2872 640 2922 et
656 2863 765 2943 pusulis
777 2873 899 2942 coctum,
916 2864 982 2926 dein
997 2886 1058 2928 curn
1073 2870 1163 2938 melle
1187 2857 1189 2864 ⁴

167 2954 279 3026 tritum,
294 2951 364 3009 tussi
381 2965 444 3008 cum
459 2947 543 3024 adipe
559 2955 672 3006 vetusto
689 2947 839 3006 decoctum
858 2949 904 3008 vel
926 2968 989 3010 curn
1005 2952 1080 3012 lacte
1102 2963 1162 3030 aut,

170 3037 194 3094 si
212 3035 328 3110 sanguis
345 3033 428 3091 etiam
444 3038 629 3106 exscreatus,
649 3031 698 3090 vel
717 3047 802 3109 pura,
822 3030 875 3091 sub
888 3051 979 3111 pruna
999 3047 1110 3097 coctum
1132 3047 1164 3097 et

171 3136 234 3178 cum
249 3116 341 3175 mellis
356 3115 418 3193 pari
440 3113 526 3194 modo
544 3123 701 3192 sumptum,
725 3115 889 3192 convolsis,
911 3119 1003 3197 ruptis
1019 3138 1081 3180 cum
1098 3121 1163 3180 sala

128 3213 161 3264 55
174 3210 202 3260 et
220 3195 297 3261 oleo.
330 3216 394 3258 nam
409 3216 471 3258 curn
493 3195 577 3277 adipe
593 3207 719 3259 tumores
735 3209 888 3278 suspectos
906 3212 997 3261 sanat.
1037 3204 1199 3269 extrahitur

170 3281 272 3344 fistulis
291 3281 359 3341 vitia
382 3299 445 3342 cum
465 3279 581 3359 sulpure
612 3291 640 3342 et
659 3282 770 3358 resina,
799 3286 883 3343 etiarn
901 3283 1072 3348 harundines
1097 3307 1163 3350 cum

147 3369 246 3446 ·picc.
282 3365 394 3445 lepras,
417 3365 562 3441 lichenas,
582 3366 735 3442 lentigines
760 3367 910 3427 exulcerat
935 3382 1073 3450 sanatque
1096 3391 1162 3434 curn

170 3451 306 3526 origano,
322 3448 369 3507 rel
387 3451 457 3508 cinis
473 3451 535 3508 eius
550 3468 587 3509 ex
608 3449 675 3512 oleo
691 3459 719 3510 et
733 3467 805 3527 garo
820 3452 932 3530 inlitus,
954 3455 996 3514 sic
1016 3467 1044 3517 et
1059 3477 1163 3519 sacros
