2534 3866
91 262 96 266 ,
191 191 230 256 88
522 207 659 256 esrum
673 209 821 258 snorum

1203 283 1210 312 l

191 367 297 419 nurum
312 361 391 437 dunt,
406 369 438 420 ut
451 361 620 440 omygdalae
631 395 672 406 -
686 377 724 421 ex
737 361 869 424 dulcibus
887 361 1170 440 enim-tramlgman·

191 451 236 502 tur
251 443 279 501 in
293 458 459 504 amoras-
460 445 585 524 ,abque
599 461 671 504 uero
693 446 776 506 etiam
791 446 921 522 utiliora,
945 455 975 506 ut
994 445 1068 524 apud
1083 443 1172 507 Chios

148 524 213 608 1333,
223 541 302 603 purus
321 541 407 614 quam
428 527 551 606 phocida
573 527 728 606 appellant.
774 547 838 590 nam
858 529 1035 590 detruncatio
1053 529 1172 590 diximus

147 609 315 686 tarquitius
331 606 496 688 prodesset.
526 611 671 688 lutereunt
687 611 827 690 pleraque
842 621 872 672 et
886 613 955 674 lissa
972 615 1071 692 stirpe,
1086 630 1171 672 exce·

190 694 246 770 ptis
261 695 331 769 vite,
348 693 435 771 malo,
452 694 519 770 lico,
535 696 647 774 punica.
678 696 824 774 quaedam
831 694 879 772 uel
893 695 929 756 ab
943 695 1044 760 ulcere
1057 704 1171 756 tanturn.
1183 719 1199 758 s

190 776 262 837 heus
277 777 380 838 hano'
372 779 500 840 iniurium
520 779 630 856 spernit
648 787 677 838 et
700 781 793 852 omnia
813 796 887 856 quae
900 780 1024 840 resinam
1044 780 1171 856 gignunt.

189 857 345 921 Radioibus
358 863 510 940 amputatis
525 864 597 932 mori
615 863 736 928 minume
753 862 853 922 mirum
874 870 926 922 est.
959 861 1116 940 pleraeque
1132 872 1173 922 ta·

163 955 166 968 ’
189 961 254 1004 men
265 961 322 1004 non
333 945 463 1004 omnihus
474 945 526 1005 sed
538 947 675 1006 maxumis
691 954 738 1006 ant
748 960 822 1042 qrme
833 953 897 1004 sunt
911 944 1060 1006 interillos
1071 945 1174 1006 vitales

146 1033 198 1092 239
211 1028 333 1091 abscisis
351 1030 517 1092 moriuntur.
549 1030 607 1108 [10]
629 1028 763 1090 Necant
754 1029 888 1088 rnrioem
897 1027 971 1089 inter
990 1045 1058 1088 sese
1075 1027 1173 1091 umbra

188 1111 237 1171 uel
249 1111 390 1175 densitate
403 1121 491 1191 atque
506 1113 630 1172 alimenti
640 1113 749 1191 rapina.
775 1119 859 1172 necat
872 1119 901 1187 ot
910 1110 1061 1172 hedera
1033 1112 1171 1172 vinciens.
1182 1137 1211 1179 ιι

189 1189 243 1254 ιιίι
257 1197 366 1254 viscum
383 1196 518 1274 prodest,
541 1204 571 1256 et
585 1195 693 1270 cytisus
708 1203 827 1259 necatur
841 1211 878 1254 eo
892 1195 969 1272 quod
983 1194 1108 1255 halimon
1121 1212 1173 1254 vo-

189 1287 255 1350 oont
269 1278 382 1340 Graeci.
409 1279 591 1352 Quorundam
602 1287 702 1338 natura
714 1295 771 1339 non
784 1287 870 1340 necat
884 1278 1008 1356 quidem,
1019 1278 1072 1338 sed
1087 1278 1175 1340 laedit

189 1361 281 1422 odore
298 1372 346 1422 aut
360 1365 422 1422 suoi
437 1353 572 1436 mistura,
597 1370 626 1441 ut
646 1360 788 1439 raphanus
814 1369 843 1420 et
859 1361 953 1423 laurus
969 1362 1064 1420 vitem.
1102 1361 1173 1421 olla·

189 1448 292 1506 ctatrin
307 1448 380 1506 enim
392 1445 568 1520 intellegitur
584 1431 612 1502 et
624 1461 689 1521 augi
699 1444 791 1505 odore
803 1446 901 1506 mirum
913 1446 942 1504 in
952 1444 1074 1507 modum.
1093 1445 1172 1520 ideo,

188 1547 251 1589 oum
263 1531 339 1588 iuxta
352 1531 399 1603 sit,
408 1529 500 1588 averti
509 1536 538 1586 et
548 1526 689 1588 recedere
702 1543 893 1606 saporemque
906 1529 1046 1588 inimicum
1056 1528 1170 1605 lugere.
1183 1550 1211 1591 re

145 1619 197 1674 240
208 1613 274 1672 hinc
294 1615 415 1690 sumpsit
435 1609 625 1686 Androcydes
639 1612 807 1672 medicinam
826 1621 926 1672 contra
944 1611 1110 1688 ebrietates,
1127 1630 1172 1672 ra·

169 1713 171 1727 ·
187 1697 310 1774 pharurim
324 1697 417 1757 mandi
428 1696 619 1774 praecipiens.
647 1694 706 1754 odit
721 1703 750 1754 et
765 1694 876 1754 caulem
889 1705 917 1762 st
930 1695 994 1754 olus
1006 1711 1100 1770 omno,
1113 1695 1173 1755 odit

87 1842 91 1846 .
190 1789 220 1838 et
241 1781 385 1857 corylum,
413 1780 441 1838 ni
467 1778 568 1856 procul
591 1776 699 1853 absint,
720 1779 809 1838 tristis
833 1787 919 1856 atque
939 1795 1037 1855 aegre.
1071 1779 1173 1838 nitrum

138 1893 141 1900 ·
189 1864 303 1960 quidem
319 1873 349 1922 et
360 1863 482 1936 alumen,
502 1862 608 1921 marina
624 1877 697 1939 aqua
716 1862 808 1922 calida
823 1870 852 1923 et
867 1861 951 1927 labae
967 1862 1110 1940 putamina
1123 1862 1172 1922 vel

188 1965 249 2004 ervr
242 1946 359 2004 'rrltima
372 1962 485 2003 venena
500 1953 572 2004 sunt.
1180 1968 1209 2008 ro

145 2040 195 2092 ml
260 2027 309 2088 25.
342 2027 424 2106 (38.)
452 2024 530 2087 luter
549 2028 617 2087 vitio
640 2027 772 2088 arborum
792 2035 886 2087 estet
910 2029 1049 2106 prodigiis
1077 1993 1169 2088 locus.

187 2113 344 2172 invenimus
366 2112 438 2172 licor
464 2110 517 2171 sub
539 2111 616 2171 loliis
639 2119 736 2185 natas,
759 2112 845 2170 vitem
866 2119 895 2170 et
917 2111 1020 2171 malurn
1040 2113 1172 2190 punicam

97 2237 100 2244 -
165 2193 277 2273 stirpe
293 2195 415 2258 fructum
430 2193 540 2270 tulisse,
558 2212 615 2253 non
626 2194 741 2272 palmite
756 2203 802 2254 aut
816 2195 912 2269 narnis,
927 2195 1014 2254 vitem
1026 2213 1096 2256 uvas
1108 2196 1170 2256 sine

186 2279 282 2354 foliis,
309 2278 391 2339 oleas
411 2295 526 2358 quoque
549 2279 678 2338 amisisse
699 2276 768 2336 folia
787 2275 866 2338 brois
883 2277 1076 2338 haerentibus.
1107 2289 1171 2338 suunt

185 2363 323 2422 miracula
339 2362 465 2423 fortuita.
493 2379 557 2420 uam
574 2370 603 2420 et
618 2360 694 2419 oliva
708 2360 736 2417 in
755 2368 844 2420 totum
860 2358 988 2421 ambusta
1003 2363 1123 2437 revixit,
1141 2371 1207 2426 etos

145 2449 232 2510 mom
244 2445 367 2505 boeotia
385 2445 509 2504 derosae
534 2443 653 2503 locustis
673 2442 744 2502 licus
762 2461 795 2502 re
821 2444 1030 2520 germinavere.
1061 2453 1169 2505 mutan-

187 2539 232 2588 tur
252 2528 372 2588 arbores
390 2536 420 2585 et
441 2527 541 2586 colore
552 2527 679 2604 fiuntque
697 2544 734 2585 ex
752 2527 840 2604 nigris
853 2526 1000 2603 candidae,
1019 2545 1077 2588 non
1094 2545 1170 2608 sem·

85 2677 90 2687 ¹
186 2629 240 2689 per
254 2611 434 2688 prodigiose,
453 2628 506 2670 eae
519 2627 649 2670 maxume
663 2627 737 2686 quae
753 2628 790 2670 ex
811 2612 918 2670 semine
936 2621 1098 2676 nascuntur.
1141 2622 1172 2673 et

186 2694 310 2772 populus
324 2693 390 2754 alba
404 2695 433 2752 iu
446 2696 555 2771 nigram
569 2693 678 2753 transit.
708 2693 818 2770 quidam
833 2703 866 2754 et
876 2693 1002 2770 sorbum,
1017 2696 1042 2754 si
1057 2697 1085 2754 in
1100 2696 1169 2756 cali·

184 2779 268 2840 diora
283 2778 349 2837 loca
365 2779 485 2852 venerit,
503 2777 689 2838 sterilescere
708 2785 814 2855 putant.
842 2777 975 2854 prodigio
991 2787 1085 2839 autern
1099 2779 1206 2840 duntao
1260 2839 1261 2848 ,

185 2880 222 2922 ιιι
236 2861 366 2922 dulcibus
382 2860 487 2921 acerba
502 2878 586 2961 poma
605 2869 654 2924 aut
671 2859 765 2919 dulcia
785 2877 823 2918 ex
838 2857 968 2936 acerbis,
993 2880 1009 2920 e
1027 2863 1169 2942 caprilioo
1260 2869 1261 2930 t

185 2945 232 3006 lici
248 2954 296 3009 aut
311 2953 420 3020 contra,
435 2947 518 3021 gravi
533 2951 658 3019 ostento,
680 2960 743 3002 oum
758 2943 793 3000 in
800 2942 944 3004 deteriora
962 2952 1169 3022 mutantur,ex

186 3029 294 3088 oleam
310 3028 481 3103 oleastrum,
500 3041 537 3088 ιιι
553 3026 672 3088 candida
689 3041 743 3084 usa
762 3033 793 3084 et
813 3025 898 3086 fico
889 3044 918 3085 un
937 3028 1051 3104 nigros,
1070 3038 1118 3090 aut
1137 3039 1169 3090 ut

143 3119 194 3174 243
205 3091 366 3171 heodioeae
381 3109 486 3170 Xerxis
501 3109 623 3170 aduentu
641 3109 783 3187 platano
774 3127 802 3168 m
824 3110 916 3170 oleam
932 3119 1046 3170 mutata.
1077 3113 1167 3190 quali·

111 3210 116 3214 ’
184 3195 237 3254 bns
253 3196 372 3254 ostentis
387 3193 545 3254 Aristandri
559 3192 634 3272 apud
650 3191 777 3252 Graecos
793 3193 927 3253 volumen
946 3202 1056 3271 scatet,
1079 3214 1116 3256 ne
1138 3196 1168 3255 in
1178 3214 1206 3256 as

184 3275 319 3336 infinitum
334 3277 484 3351 abeamus,
507 3277 582 3354 apud
596 3293 649 3335 nos
665 3291 737 3334 uero
754 3271 786 3334 0.
805 3275 890 3373 Epidi
906 3279 1116 3354 commentarii,
1138 3280 1168 3338 iu

186 3358 287 3436 quibus
312 3359 432 3420 arbores
458 3359 572 3457 locmne
597 3375 712 3438 qnoque
743 3360 932 3438 reperiuntur
977 3358 1146 3423 Subsedit'
1137 3380 1168 3421 ιιι

186 3441 312 3504 Cumano
333 3443 419 3504 arbor
440 3461 520 3521 granu
535 3451 648 3503 ostento
665 3441 751 3520 paulo
767 3451 832 3504 ante
847 3441 964 3522 Pompei
977 3441 1071 3522 Magni
1085 3444 1167 3506 bella
