2512 3858
186 189 225 248 14
534 195 564 244 c.
580 195 675 245 rusus
691 195 839 246 sueonos
1159 249 1168 290 ι

185 351 303 414 candido
320 347 563 431 praecellensque
583 357 639 410 est.
660 350 759 411 mirum
780 351 809 410 in
830 349 885 414 bae
900 351 1006 416 arbore
1021 355 1176 423 lructuma

183 436 263 498 nullo
292 434 451 524 animalium
473 435 590 511 attingi,
621 433 757 496 foliorum
788 436 964 517 corticisque
983 457 1082 500 sucum
1107 459 1176 500 esse

166 521 305 583 dulcem.
336 519 411 578 inter
430 518 568 578 corticem
585 534 621 576 nc
640 517 747 594 lignum
768 526 870 580 tenues
891 522 1006 585 tunicae
1026 522 1177 601 multiplici

183 604 357 679 membrana,
368 600 496 681 equibus
503 601 616 662 vinculo
631 600 710 662 tiliae
719 610 869 678 vocantur,
882 607 1066 668 tenuissimae
1078 624 1176 670 cerum

184 687 314 768 philyrae
336 701 507 747 coronarum
526 685 672 748 lemniscis
695 684 831 748 celebres
850 689 1031 768 antiquorum
1052 691 1202 778 minores

182 773 318 833 materies
337 769 496 832 teredinem
517 784 575 832 nou
589 769 686 846 sentit,
702 771 879 847 proceritate
899 792 1038 854 perum
1051 772 1175 851 modica,

182 873 282 916 verum
297 855 385 915 utilis.

140 950 174 1006 66
250 941 298 1002 15.
323 937 406 1016 (26.)
428 934 507 996 Acer
520 934 649 997 eiusdem
664 937 727 1000 iere
749 938 955 1019 amplitudinis,
978 955 1099 1017 operum
1114 939 1175 1000 ele·

181 1025 277 1102 gentio
291 1039 326 1082 no
344 1019 502 1082 subtilitate
516 1020 588 1080 citro
604 1022 771 1084 secundum.
801 1023 883 1102 pluro
904 1022 967 1082 eius
985 1040 1110 1099 genera:
1134 1023 1175 1084 al-

181 1109 263 1182 bum,
279 1105 357 1184 qnod
369 1103 520 1184 praecipui
536 1103 686 1183 candoris,
707 1116 828 1168 vocatur
843 1103 983 1166 Gallicum
998 1105 1026 1186 in
1042 1113 1213 1186 transpono

180 1191 252 1251 dana
271 1187 353 1249 ltalia
375 1197 511 1267 transque
533 1185 618 1266 Alpis
638 1207 772 1251 nascens.
806 1188 926 1249 alterum
954 1205 1048 1266 genus
1074 1190 1174 1269 crispo

179 1272 353 1334 macularum
369 1270 511 1348 discursu,
530 1273 577 1350 qui
592 1288 656 1334 cum
671 1272 864 1355 excellentior
876 1270 939 1346 init,
958 1291 974 1333 a
989 1273 1174 1334 similitudine

180 1356 289 1419 candae
312 1372 455 1436 pavonum
471 1374 575 1417 nomen
591 1358 720 1434 accepit,
742 1357 771 1416 in
790 1354 895 1416 llistriu
913 1355 1074 1436 Raetiaeque
1089 1375 1173 1436 prae·

137 1448 173 1506 67
185 1441 307 1520 cipuum.
337 1441 464 1502 eviliori
480 1457 590 1518 genere
612 1439 817 1500 crassivenium
834 1447 965 1500 vocatur.
997 1439 1101 1504 Graeci
1116 1442 1172 1502 situ
1253 1467 1254 1514 t

178 1525 354 1600 discernunt,
363 1533 525 1605 campestre
537 1524 611 1584 enim
620 1522 769 1584 candidum
777 1539 907 1584 essenec
917 1524 1172 1604 crispum-qaod
1182 1537 1210 1582 ts
1253 1525 1254 1572 t

178 1608 278 1686 glinon
292 1618 398 1670 vocant
404 1643 456 1685 -,
465 1617 626 1668 montanum
634 1623 706 1666 vero
714 1606 836 1685 crispius
844 1606 1011 1706 duriusque²
1021 1609 1171 1670 etiamnum

179 1710 196 1752 e
210 1693 338 1756 mascula
359 1694 481 1772 crispius
503 1691 539 1752 ad
554 1691 675 1752 lautiora
690 1705 799 1766 opera,
820 1693 933 1754 tertium
951 1710 1043 1770 genus
1058 1692 1170 1769 appiam

178 1778 344 1852 rubentem,
363 1775 444 1836 iissili
459 1775 549 1852 ligno,
566 1774 675 1835 cortice
692 1773 780 1834 livido
795 1784 824 1836 et
839 1776 954 1836 scabro.
982 1777 1040 1837 hoc
1054 1775 1103 1836 elii
1118 1793 1170 1852 pe-

178 1863 256 1924 neris
271 1861 381 1939 proprii
398 1875 465 1918 esse
482 1857 588 1916 malunt
602 1863 632 1916 et
645 1854 744 1932 Latine
760 1860 906 1938 carpinum
921 1860 1079 1940 appellant.

135 1945 180 2010 σθ’
244 1945 291 2006 16.
314 1941 398 2020 (27.)
419 1937 642 2000 Pulcherrimum
657 1958 729 2002 vero
742 1952 787 2004 est
798 1942 943 2022 bruscum,
957 1945 1105 2020 multoque
1117 1960 1208 2008 emet

177 2023 493 2086 cellentinsetiantnnsn
505 2023 684 2085 molluscum.
710 2026 794 2088 tuber
806 2036 956 2108 utrumque
970 2027 1169 2102 arboriseius‚

175 2107 309 2170 bruscum
336 2106 468 2168 intortius
496 2109 635 2187 crispum,
656 2109 825 2172 molluscum
848 2112 1005 2190 simplicius
1025 2128 1168 2187 sparsum.

176 2201 205 2253 et
220 2193 245 2252 si
256 2191 477 2271 magnitudinem
492 2210 652 2254 mensurum
669 2204 799 2273 caperet,
815 2194 883 2256 baut
893 2194 986 2254 'dubie
1001 2191 1169 2270 praeferre·

176 2285 223 2338 tnr
237 2277 321 2338 citro.
350 2276 510 2338 nunciatis
527 2277 684 2356 pugillares
708 2278 908 2355 lectorumque
932 2275 1042 2336 silicios
1064 2285 1111 2336 aut
1126 2276 1168 2340 la·

175 2377 254 2422 mnas
275 2379 342 2432 raro
360 2377 414 2420 usu
433 2369 590 2438 spectatur.
628 2377 645 2418 e
665 2359 772 2419 brusco
794 2359 862 2419 liunt
882 2367 913 2420 et
932 2376 1050 2420 mensae
1071 2361 1204 2444 nigre-en
1252 2349 1253 2416 ἶ

134 2454 168 2510 69
178 2453 304 2506 scentes.
331 2441 487 2520 Reponitur
499 2451 528 2502 et
542 2443 571 2501 in
584 2440 650 2502 alno
666 2440 761 2518 tuber,
775 2441 829 2504 sed
845 2451 923 2505 tanto
939 2442 1068 2506 deterius
1080 2462 1167 2522 quon·
1252 2453 1253 2506 ἒ

175 2538 233 2588 tum
245 2525 280 2586 nb
297 2542 384 2586 acere
407 2523 490 2586 ulnus
509 2526 573 2604 ipsa
587 2523 682 2586 distat.
725 2523 831 2588 Aceris
846 2545 940 2588 mares
955 2528 1035 2605 prius
1050 2527 1165 2591 florent.
1252 2525 1253 2536 ’

175 2611 326 2671 etiamnum
350 2608 379 2669 in
406 2608 493 2669 siccis
519 2617 604 2670 uotae
631 2608 832 2687 praeferuntur
857 2611 1015 2691 aquaticis,
1041 2611 1116 2674 siout
1137 2621 1167 2674 et

173 2691 288 2754 iraxiui.
330 2690 384 2752 list
402 2698 481 2752 trans
499 2689 583 2770 Alpis
601 2690 688 2752 arbor
702 2693 843 2756 simillima
860 2695 939 2760 aceri
956 2694 1032 2756 albo
1047 2693 1165 2758 materia

175 2793 249 2856 quae
263 2784 383 2837 vocatur
398 2773 674 2854 staphylodendron.
707 2777 765 2838 lert
776 2778 893 2856 siliquas
910 2786 939 2839 et
953 2780 980 2839 in
993 2779 1028 2839 iis
1042 2779 1198 2840 nucleosao

174 2877 281 2939 sapore
296 2859 377 2920 nucis
390 2857 551 2922 abellanae.

85 3004 87 3008 ,
133 2953 167 3010 to
239 2942 323 3024 (28.)
342 2939 375 3002 ln
393 2942 492 3020 primis
508 2958 580 3004 vero
603 2944 738 3004 materies
762 2943 901 3006 honorata
921 2944 999 3006 buxo
1025 2955 1071 3008 est
1095 2965 1163 3008 raro

174 3028 309 3107 crispanti
322 3042 379 3086 uec
394 3024 448 3086 nisi
462 3025 573 3101 redies,
587 3025 624 3086 de
642 3035 742 3088 cetero
756 3026 830 3088 lenis
851 3029 934 3108 quies
955 3037 1002 3088 est
1024 3031 1163 3090 materiae

173 3112 287 3172 silentio
302 3109 425 3192 quodam
445 3119 474 3171 et
488 3109 590 3169 duritie
607 3127 642 3170 ac
656 3109 768 3189 pallore
785 3109 1029 3188 commendabilis,
1054 3113 1162 3191 inipsa

148 3257 151 3264 ,
170 3211 243 3255 vero
258 3193 363 3254 arbitra
374 3192 496 3270 topiario
509 3208 610 3271 opere.
637 3195 690 3253 trin
702 3194 764 3254 eius
775 3211 898 3271 genero:
915 3192 1066 3272 Gallicum,
1081 3196 1160 3274 quod
1171 3214 1198 3255 sn

171 3278 200 3338 in
215 3287 306 3338 metus
319 3275 454 3338 emittitur
464 3275 647 3355 amplitudine
662 3278 840 3355 proceriore.
868 3276 1023 3340 oleastrum
1036 3281 1064 3340 in
1081 3280 1160 3342 omni

172 3378 225 3420 nsu
240 3359 398 3422 damnatum
412 3374 530 3440 gravem
548 3360 677 3440 praefert
704 3361 832 3422 odorem.
863 3362 976 3422 tertium
996 3381 1087 3440 genus
1104 3379 1157 3422 no-

172 3444 268 3506 stratis
283 3452 398 3521 vocant,
410 3444 555 3522 siluestre,
570 3455 600 3508 nt
614 3444 715 3522 credo,
727 3444 882 3523 mitigatum
898 3453 971 3521 sato,
984 3446 1112 3508 diilusius
1128 3455 1160 3507 et
