2512 3858
344 481 867 584 ²ut‘t1ittuuttio1

156 629 159 634 ’
244 667 615 772 neruorum
653 667 1029 770 nrsnoamn

149 845 152 852 ’
473 829 670 896 LIBER
700 829 794 895 XVI.

553 961 710 974 ——

154 1049 251 1128 (beot.
267 1048 311 1126 1.)
355 1046 519 1110 Pomilerae
534 1047 655 1110 arbores
677 1067 813 1130 quaeque
828 1050 989 1113 mitioribus
1009 1053 1116 1118 suoisl

87 1132 267 1212 voluptatem
283 1132 395 1210 primae
409 1132 481 1192 cibis
497 1132 653 1194 attulerunt
665 1143 694 1194 et
705 1135 873 1196 necessario
890 1135 1025 1196 alimento
1038 1137 1087 1197 de·

89 1217 173 1278 linias
188 1217 314 1278 miseere
330 1215 507 1293 dobnerum,
531 1217 594 1277 sive
610 1217 678 1278 illae
692 1217 768 1280 ultro
784 1220 848 1280 sire
863 1217 898 1279 ab
913 1219 1028 1281 bomine
1046 1221 1087 1281 di-

89 1301 190 1363 dicere
211 1298 478 1378 blandos-sapores
499 1300 656 1378 adoptione
671 1310 701 1362 et
716 1301 858 1378 conubio,
879 1301 967 1382 idque
987 1321 1088 1366 munus

69 1384 174 1446 setiam
185 1383 256 1444 ioris
267 1382 495 1462 volucribusque
505 1384 665 1461 dididirnns,
677 1387 749 1447 intra
764 1385 929 1466 praedictas
945 1396 1086 1449 oonstnnt.

88 1485 259 1548 proxumum
275 1475 337 1530 erat
352 1485 471 1528 narrare
487 1467 664 1546 glandiferas
671 1486 810 1550 quoque,
830 1488 905 1548 quae
917 1471 1027 1548 primae
1045 1473 1086 1531 vi-

88 1561 165 1614 otum
181 1549 342 1612 mortalium
363 1551 495 1615 aluerunt
509 1551 637 1613 nutrioes
657 1554 752 1631 inopis
772 1571 807 1614 ao
829 1553 912 1616 ierne
932 1557 1035 1631 sortis,
1058 1557 1087 1616 ni

87 1636 236 1715 praeverti
252 1643 375 1712 rogaret
389 1634 537 1720 admiratio
549 1653 603 1696 usu
617 1645 768 1713 ponpeius,
782 1653 921 1715 quaenam
936 1639 1087 1718 qualisque

87 1727 170 1783 esset
184 1720 243 1780 vita
259 1719 322 1779 sine
339 1718 446 1780 arbore
459 1719 530 1794 ulla,
547 1721 610 1780 sine
626 1719 732 1779 lrutios
747 1721 911 1780 viventium.

56 1818 79 1858 ro
151 1801 224 1882 Gap.
245 1803 271 1862 l.
315 1801 446 1864 Diximus
466 1812 496 1864 et
516 1805 545 1864 in
572 1805 685 1864 oriente
709 1803 824 1884 quidem
846 1803 925 1864 iuxta
947 1818 1114 1870 ooeanumu

86 1887 237 1967 conpluris
253 1904 289 1946 ea
303 1887 331 1946 in
346 1889 523 1954 neeessitote
537 1888 644 1966 gentis.
667 1897 733 1948 sunt
751 1905 824 1948 veno
846 1887 1128 1967 etinsepteo·o.1o

85 1974 181 2032 trione
195 1971 277 2031 visam
291 1969 379 2030 nobis
392 1969 574 2033 Chaucorum
588 1973 636 2049 qui
649 1973 774 2032 maiores
784 1972 969 2050 minoresque
984 1971 1085 2052 appel·

9 2087 10 2099 2
85 2055 189 2116 lantur.
219 2063 302 2115 vasto
322 2053 365 2114 ibi
384 2062 482 2114 meatu
502 2053 547 2114 bis
567 2053 676 2116 dierum
698 2056 881 2134 noctiumque
909 2057 1085 2133 singularum

85 2138 249 2212 intervallis
276 2137 386 2198 ellusus
410 2137 439 2196 in
462 2138 621 2198 inmensum
649 2139 743 2214 agitur
773 2155 918 2212 oretanus,
947 2141 1084 2217 operiens

8 2263 9 2266 =
56 2233 236 2285 ttaeternam
257 2239 354 2284 rerum
374 2229 494 2282 naturae
519 2222 764 2296 oontroverslsm,
790 2219 964 2297 dubiumque
988 2230 1084 2282 terrae

86 2309 172 2368 sitnm
187 2325 223 2367 an
239 2315 352 2386 partem
369 2305 465 2366 maris.
501 2304 573 2380 illio,
588 2305 693 2366 misera
708 2322 798 2382 gens,
816 2301 940 2364 tumulos
955 2303 1112 2382 optinente
1126 2355 1129 2360 .

85 2392 162 2454 altos
177 2399 226 2451 aut
237 2388 389 2450 tribunalia
401 2397 548 2450 exstruere
559 2388 687 2450 munibus
699 2389 735 2451 ad
745 2388 944 2467 experimenta
953 2387 1085 2448 altissimi

85 2485 203 2552 aestus,
226 2475 303 2534 oasls
318 2474 358 2534 its
374 2474 507 2552 inpositis
521 2471 720 2551 navigantibus
741 2464 850 2534 similes
874 2489 937 2532 eam
958 2473 1086 2550 integant

8 2580 13 2633 ς
86 2577 181 2638 aquae
198 2556 384 2633 olrenmdatn,
400 2557 546 2634 naufragis
560 2575 632 2619 vero
651 2574 715 2618 oum
731 2557 918 2632 reoesserint,
935 2557 1083 2636 fugientis·

8 2635 9 2672 ³
54 2661 145 2722 mque
160 2659 228 2702 oum
246 2642 317 2702 mari
333 2640 422 2719 pisois
443 2641 521 2702 oiroa
541 2641 656 2718 tuguria
677 2649 826 2702 venantur.
862 2657 919 2700 non
943 2639 1084 2719 peoudem

85 2728 133 2788 bis
147 2725 271 2799 babere,
286 2741 344 2784 non
357 2724 434 2785 laote
445 2723 484 2783 nli
493 2731 527 2782 nt
541 2723 727 2798 linitlmis‚,ne
746 2741 810 2784 enm
824 2722 1026 2801 ieris'quidem
1042 2723 1082 2784 di·

84 2811 196 2871 mioare
210 2809 351 2886 oondrglt
366 2809 441 2868 omni
457 2805 561 2885 prooul
575 2807 680 2868 abacto
695 2804 810 2868 lrutiee.
839 2804 905 2867 ulva
920 2816 949 2867 et
962 2807 1082 2884 palustri
1094 2814 1112 2865 4

85 2896 174 2954 iunco
189 2894 266 2953 lunis
279 2900 400 2952 neotunt
408 2889 446 2952 'ad
463 2890 660 2970 praetexenda
672 2889 801 2968 pisoibus
814 2889 897 2964 retia,
909 2898 1081 2967 captumque

85 2967 218 3037 manibus
234 2976 322 3036 lotam
337 2974 431 3034 ventis
446 2974 538 3050 magis
555 2989 639 3050 quarn
654 2971 720 3033 sole
740 2973 884 3034 siooantes
907 2980 985 3032 terna
1001 2968 1082 3033 oibos

54 3079 78 3120 u
88 3070 121 3121 et
135 3060 259 3140 rigentia
269 3059 472 3138 septentrione
486 3058 600 3117 viscera
615 3073 667 3116 sua
680 3063 772 3116 urunt.
803 3063 889 3134 potus
902 3070 959 3114 non
973 3054 1027 3112 disi
1044 3070 1083 3112 ex

9 3191 10 3212 2
87 3144 182 3205 imbre
197 3152 314 3204 servato
329 3139 482 3202 scrobibus
497 3141 526 3199 in
541 3137 686 3200 vestibulo
703 3138 811 3201 domus.
843 3147 874 3198 et
893 3137 947 3198 bae
965 3145 1080 3212 gentes,

9 3270 13 3279 -
87 3231 114 3288 si
126 3230 275 3288 mudantur
288 3226 377 3287 bodie
396 3242 412 3285 a
430 3225 538 3303 populo
553 3223 698 3298 Romano,
721 3222 833 3302 servire
848 3238 882 3281 se
904 3219 1014 3280 dieunt!
1042 3219 1081 3282 ito

89 3321 140 3372 est
150 3311 302 3389 proieoto:
320 3309 416 3369 multis
429 3308 542 3368 fortuna
557 3307 650 3386 paruit
662 3307 693 3365 in
706 3319 837 3385 poenam.

153 3394 216 3472 (2.)
260 3393 347 3452 Aliud
363 3410 379 3452 e
398 3391 481 3452 silvis
500 3391 679 3451 miraoulnm:
704 3398 793 3450 totam
811 3386 951 3465 reliquam
966 3384 1109 3450 Germe-5

56 3500 80 3543 ro
88 3478 167 3539 niun
180 3477 294 3558 replent
307 3475 473 3554 adduntque
486 3475 588 3552 frigori
602 3472 727 3551 ambros,
742 3473 896 3534 altissimae
904 3478 1003 3590 {amen
1013 3469 1080 3534 baut
