2538 3864
191 205 252 265 274
559 211 589 260 c.
606 212 703 260 rnrur
720 209 870 260 suenum

191 390 242 432 ces
264 387 327 430 cum
347 343 482 430 rosaceo.
516 369 662 448 inponitur
685 375 714 426 et
732 342 875 446 podagris
896 383 960 426 cum
982 337 1100 445 adprino
1120 367 1189 430 sebo

191 472 318 532 ceraque
337 451 455 532 Cypria.

147 549 182 604 43
246 536 330 618 (20.)
353 537 516 596 Perdicium
527 537 590 595 siue
602 534 792 614 parthenium,
803 567 847 580 -
857 552 921 595 nam
934 532 1062 596 sideritis
1074 533 1189 610 aliaest,

189 655 231 672 *-
239 619 275 682 ab
287 621 393 680 nostris
404 619 497 679 berba
509 619 671 681 urceolaris
683 627 814 693 vocatur,
827 617 942 679 ab'aliis
955 627 1109 690 astercum,
1122 617 1190 676 lolio
1243 597 1250 688 l

189 704 290 766 similis
304 705 410 780 ocimo,
425 705 536 781 nigrior
547 707 664 778 tantum,
680 709 804 762 nascens
819 703 847 762 in
859 701 965 780 tegnlis
979 700 1212 780 parietinisques

188 789 320 850 medetur
334 805 398 847 cum
413 789 487 848 mica
507 785 577 848 salis
598 788 664 848 trita
678 786 780 858 iisdem
799 787 929 848 omnibus
952 783 1057 864 quibus
1071 783 1191 859 lamium,
1249 795 1250 808 ¹

191 881 220 933 et
235 872 339 933 eodem
353 872 452 947 modo,
467 873 537 932 item
549 871 681 944 uomicae
696 869 822 948 ,calfacto
838 888 910 932 suco
926 878 1011 949 pota,
1025 867 1081 929 sed
1098 877 1192 936 contra

188 956 284 1032 volsa,
299 965 383 1034 rupta
396 957 554 1034 lapsusque
571 963 599 1014 et
613 955 794 1033 praecipitia,
809 963 839 1014 ut
852 952 1052 1031 vehiculorum
1068 951 1192 1012 eversio·

146 1050 258 1118 lenes,
284 1041 446 1116 singularis.
478 1039 576 1099 Verna
591 1056 682 1099 carus
700 1037 806 1101 Pericli
821 1038 1040 1120 Atheniensium
1060 1035 1192 1114 principi,

190 1143 253 1185 cunr
276 1124 301 1183 is
316 1125 345 1182 iu
360 1141 429 1183 arce
444 1123 583 1202 templum
597 1123 766 1184 aedificaret
778 1124 983 1202 ¹repsissetque
999 1119 1220 1197 superabimus

189 1209 283 1270 dinem
306 1205 403 1282 fastigi
425 1215 455 1265 et
478 1208 545 1267 inde
568 1207 741 1282 cecidisset,
764 1205 819 1266 hac
840 1205 932 1266 herba
954 1205 1058 1286 dicitur
1081 1212 1193 1264 sanatus
1249 1235 1250 1274 p

169 1291 170 1296 ’
187 1297 345 1352 monstrata
359 1288 466 1348 Pericli
480 1292 592 1350 somnio
608 1306 624 1348 a
638 1288 783 1363 Minerva,
800 1306 889 1367 quare
902 1289 1083 1366 parthenium
1099 1288 1194 1346 vocari
1249 1333 1250 1344 .

188 1379 294 1450 coepta
311 1379 356 1430 est
373 1371 598 1449 adsignaturque
613 1374 640 1430 ei
655 1372 739 1440 dene.
770 1372 817 1432 hic
839 1380 884 1434 est
899 1371 1019 1432 vernula
1038 1372 1121 1432 cuius
1136 1369 1194 1430 eili-

187 1457 252 1533 gies
267 1471 305 1514 ex
319 1472 389 1514 aere
403 1453 469 1514 ,lusa
485 1462 530 1514 est
545 1463 576 1514 et
590 1453 697 1514 nobilis
712 1453 764 1513 ille
779 1455 1020 1533 splanchnoptes.
1086 1525 1088 1534 ,

146 1539 194 1602 45.
260 1538 415 1616 18:01.)
439 1535 682 1616 Chamaeleonem
703 1537 791 1616 aliqui
812 1540 902 1620 ixiarn
922 1546 1039 1598 vocant.
1071 1536 1127 1602 duc
1147 1555 1195 1614 ge·
1205 1550 1224 1589 1⁵

188 1641 258 1685 nera
281 1623 357 1684 eius:
387 1622 534 1684 candidior
556 1624 708 1702 asperiora
729 1619 818 1682 babet
838 1623 934 1698 lolia,
956 1623 1047 1700 serpit
1068 1619 1096 1682 in
1119 1630 1199 1682 terra

190 1709 284 1769 echini
313 1707 398 1768 modo
431 1707 529 1785 spinas
556 1707 689 1784 erigens,
720 1704 820 1766 radice
854 1706 947 1782 dulci,
979 1706 1072 1770 odore
1104 1706 1197 1781 gravi.

189 1792 358 1873 quibusdam
379 1792 407 1851 iu
433 1791 507 1852 locis
529 1792 640 1852 viscum
659 1790 752 1868 gignit
776 1788 871 1850 album
893 1790 946 1849 sub
970 1791 1024 1850 alis
1049 1788 1198 1866 loliorum,

189 1894 321 1936 maxume
343 1877 421 1935 cirea
444 1875 522 1934 oanis
542 1883 649 1951 ortum,
674 1891 732 1952 quo
755 1874 841 1934 modo
865 1879 929 1934 tura
950 1875 1031 1934 nasci
1054 1873 1199 1949 dicuntur,

189 1959 305 2018 undeet
319 1956 376 2017 ixia
391 1957 564 2037 appellatur.
588 1958 643 2018 bac
656 1957 796 2018 mastiche
808 1951 923 2018 utuntur
935 1959 1082 2018 mulieres.
1107 1975 1198 2035 quare
1208 1969 1230 2009 tt

190 2049 219 2100 et
234 2041 422 2101 chamaeleon
434 2050 571 2119 vocetur,
585 2045 725 2102 varietate
737 2042 872 2102 loliorum
886 2043 992 2100 evenit.
1022 2048 1110 2100 mutat
1123 2043 1202 2100 eninr

190 2140 254 2183 oum
275 2131 353 2186 terra
374 2124 507 2200 colores,
529 2126 577 2185 hic
597 2127 697 2203 niger,
722 2125 783 2185 illic
805 2123 921 2202 viridis,
946 2123 1033 2185 aliubi
1056 2141 1200 2200 cyaneus,

124 2225 126 2232 ’
148 2205 278 2270 malinht
295 2225 419 2268 croceus
435 2218 520 2286 atque
541 2207 605 2268 aliis
621 2208 779 2269 coloribus.
812 2207 858 2268 Ex
873 2209 917 2269 his
936 2206 1073 2269 candidus
1090 2205 1202 2283 hydro·

190 2293 273 2371 picos
289 2301 370 2352 sanat
386 2308 456 2352 suco
475 2291 581 2351 radicis
597 2291 749 2353 decoctae.
779 2292 887 2352 bibitur
902 2285 1036 2353 drachma
1052 2293 1080 2350 in
1095 2310 1201 2370 passo.

188 2375 272 2454 pellit
287 2384 317 2434 et
335 2376 548 2436 interaneorum
569 2377 700 2437 animalia
720 2376 864 2436 acetabuli
879 2393 1012 2436 mensura
1034 2377 1098 2435 suci
1121 2379 1232 2438 eius-u

161 2525 164 2533 ¹
190 2459 253 2518 dem
274 2459 302 2516 in
319 2459 386 2517 vino
407 2466 523 2518 austero
546 2477 610 2518 oum
626 2460 738 2536 origani
755 2461 865 2539 scopis.
901 2461 971 2520 lacit
988 2460 1024 2520 ad
1040 2459 1204 2522 difficulta-

158 2541 162 2552 '
189 2549 246 2600 tem
261 2542 369 2600 urinae.
404 2541 451 2600 bio
474 2560 560 2614 sucus
582 2543 690 2602 occidit
711 2551 740 2604 et
760 2560 847 2604 canes
869 2561 997 2622 suesque
1019 2545 1047 2601 iu
1064 2544 1203 2621 polenta.

189 2621 284 2682 addita
298 2641 372 2702 aqua
388 2633 418 2683 et
431 2623 499 2684 oleo
516 2625 659 2686 contrahit
672 2629 700 2686 in
715 2645 748 2687 se
763 2630 850 2688 muris
866 2644 901 2687 ac
916 2637 1017 2702 necat,
1032 2627 1088 2686 nisi
1105 2631 1202 2706 proti·

188 2723 241 2766 nus
265 2724 365 2786 aquam
388 2707 534 2768 sorbeant.
573 2708 700 2770 radicem
720 2713 781 2772 eius
806 2711 894 2790 aliqui
914 2712 1061 2772 concisam
1083 2714 1203 2771 servari
1247 2749 1248 2754 κ

188 2789 287 2850 iubent
301 2791 433 2852 funiculis
448 2793 620 2873 pendentem
631 2794 832 2874 decocuntque
844 2796 872 2853 in
888 2794 953 2855 cibo
967 2802 1066 2855 contra
1080 2793 1201 2856 liuctio·
1212 2814 1233 2856 so

147 2880 180 2936 li
191 2891 243 2934 nes
259 2893 330 2954 quas
341 2874 446 2937 Graeci
456 2876 675 2937 rheumatismos
688 2887 802 2939 vocant.
831 2893 868 2939 ex
882 2879 971 2958 nigris
983 2879 1071 2957 aliqui
1084 2897 1204 2941 marem

189 2957 290 3019 dixere
306 2959 418 3019 suillos
434 2976 595 3039 purpureus
610 2971 690 3022 esset
704 2971 733 3022 et
744 2957 875 3022 feminum
892 2965 937 3023 cui
947 2963 1111 3023 violaceus.
1127 2981 1203 3038 xuua

189 3051 344 3102 nascuntur
355 3042 438 3103 caule
449 3039 574 3121 cubitali,
588 3045 777 3105 crassitudinis
790 3045 909 3122 digitali.
927 3045 1083 3107 Radicibus
1093 3065 1204 3108 earum

190 3123 319 3184 lichenes
341 3135 473 3188 curantur
494 3145 558 3187 curn
578 3129 695 3208 sulpure
713 3137 743 3188 et
757 3128 894 3189 bitumine
910 3139 966 3190 uua
987 3131 1097 3206 coctis,
1122 3127 1203 3191 oon·

188 3207 364 3269 manducatis
377 3228 448 3270 vero
470 3211 571 3271 dentes
587 3211 710 3278 mobiles
723 3211 774 3273 'aut
792 3213 820 3272 in
842 3221 926 3272 aceto
940 3213 1082 3273 decoctis.
1118 3231 1203 3276 suco
1214 3235 1237 3275 as

190 3289 316 3352 scabiem
332 3295 415 3353 etiam
430 3294 634 3372 quadripedum
649 3305 758 3356 sanant.
788 3305 819 3356 et
832 3296 939 3356 ricinos
957 3313 1056 3357 canum
1070 3309 1203 3377 necant,

188 3374 327 3436 iuvencos
339 3393 455 3468 quoque
467 3379 693 3456 anginaemodo,
709 3397 797 3458 quare
809 3397 825 3440 a
838 3379 1006 3458 quibusdam
1019 3371 1206 3462 uloplronon

189 3467 309 3518 vocatur
331 3469 359 3520 et
376 3455 537 3537 oyno‘nolou
557 3461 677 3542 propter
697 3465 865 3539 gravitatem
890 3466 996 3526 odoris.
1030 3465 1148 3527 Ferunt
1168 3477 1205 3528 et
