2534 3866
843 178 846 189 t

293 218 297 226 ¹
347 196 800 282 unr.u1sr.xv11.a³..(35.)
1029 199 1068 266 83

76 364 182 444 aliquot
198 364 260 432 dies
275 366 375 442 vagari
394 374 422 425 et
444 366 588 426 incondita
609 368 708 444 spargi
729 377 815 446 atque
838 369 867 426 in
887 376 965 428 terra
984 386 1068 448 quam

75 468 126 529 per
137 449 230 507 totum
239 465 339 508 annum
351 451 528 527 spectaverit
540 450 720 510 recumbere.
748 466 870 530 namque
882 460 911 510 ut
921 454 1110 516 veterina210

74 553 88 593 a
105 535 171 609 iugc
190 540 219 591 et
235 550 324 591 canes
342 550 358 592 a
373 551 458 593 cursu
471 533 609 593 volutatio
625 535 713 610 iuvat,
726 535 764 594 ita
776 544 833 594 tum
850 545 881 594 et
892 537 989 594 vitium
1000 553 1066 614 por·

72 618 125 694 rigi
142 615 265 676 lumbos.
287 631 291 644 ¹
303 615 390 676 arbor
405 634 522 696 quoque
534 619 597 695 ipsa
607 617 715 694 gaudet
725 617 846 679 adsiduo
858 620 955 680 levata
967 636 1066 694 onere,

52 700 170 762 asimilis
194 700 367 779 respiranti,
390 702 519 780 nihilque
539 708 584 760 est
609 702 636 759 in
660 719 751 779 opere
772 711 890 763 naturae
913 703 990 780 quod
1011 719 1068 761 non

73 784 207 863 exemplo
225 783 334 843 dierum
350 786 533 863 noctiumque
550 785 660 863 aliquas
679 786 905 849 vieisxieriarum
920 785 1000 845 velit.
1030 784 1068 844 ob

72 870 98 930 id
113 869 244 947 protinus
261 886 277 928 a
293 867 434 928 vindemia
450 869 542 946 putari
559 879 589 927 et
604 870 696 929 lassas
707 871 863 930 etiamnum
880 869 974 930 iructu
991 869 1068 929 edito

73 952 248 1032 inprobatur.
281 961 398 1030 putatae
415 969 514 1010 rursus
533 951 694 1028 adligentur
710 953 768 1013 alio
785 953 865 1030 loco,
884 971 1006 1032 namque
1022 971 1067 1012 or·

72 1038 147 1096 bitae
162 1034 269 1095 vinculi
286 1037 410 1094 sentiunt
425 1035 580 1097 vexatione
592 1053 649 1095 non
661 1035 754 1097 dubia.
779 1037 929 1102 Traduces
940 1037 1108 1098 Gallicattt
1134 1058 1137 1064 ¹

44 1121 184 1185 rccultura
205 1118 263 1178 bini
290 1119 434 1196 utrimque
458 1119 611 1198 lateribus,
638 1121 663 1178 si
684 1137 751 1198 pars
773 1121 960 1200 quadrageno
983 1121 1069 1181 distet

72 1206 178 1283 spatio,
196 1204 337 1282 quaterni,
355 1203 380 1260 si
393 1204 507 1262 vicenc.
541 1204 615 1263 inter
631 1222 663 1263 se
679 1204 757 1266 obvii
770 1205 925 1265 miscentur
939 1205 1067 1281 adligan-

72 1299 175 1366 turque
192 1304 246 1346 una
262 1286 418 1363 conciliati,
430 1287 618 1362 virgultorum
630 1289 765 1348 comitatu
778 1289 873 1348 obiter
880 1291 999 1366 rigcrati
1011 1305 1068 1365 qua
1112 1335 1113 1343 ,
1161 1352 1167 1366 ,

72 1373 218 1446 deliciunt,
231 1379 279 1430 aut
293 1371 317 1428 si
330 1369 456 1430 brevitas
471 1387 528 1429 non
541 1371 664 1449 patiatur
674 1373 814 1450 ipsorum,
830 1373 985 1450 adalligato
1000 1389 1066 1450 pro·

72 1455 226 1516 tenduntur
247 1453 402 1514 inviduam
419 1453 552 1514 arborem
568 1473 653 1514 unco.
684 1454 844 1516 Traducem
859 1456 964 1516 bimum
982 1473 1076 1534 prae·

44 1540 172 1601 uuidere
189 1537 331 1598 solebant.
346 1562 347 1566 ¹
362 1539 490 1598 oneratis
506 1540 579 1598 enim
594 1546 739 1598 vetustate
754 1538 856 1598 melius
873 1538 980 1598 donare
996 1549 1065 1598 tem·

72 1643 137 1703 pus,
152 1631 183 1682 ut
197 1622 343 1681 transilem
360 1621 482 1696 iaciant,
507 1625 530 1682 si
551 1622 690 1698 largiatur
709 1621 879 1681 crassitudo.
910 1623 981 1681 alias
996 1623 1066 1681 utile

70 1717 154 1767 toros
172 1706 259 1765 iuturi
276 1705 413 1765 draconis
428 1706 519 1782 pasci.
548 1706 605 1784 [ai]
623 1703 715 1764 Unum
727 1705 878 1764 etiamnum
891 1721 982 1781 genus
1001 1712 1046 1763 est
1056 1715 1109 1767 ata

71 1791 197 1852 medium
212 1791 286 1848 inter
297 1787 354 1848 boc
365 1796 394 1846 et
405 1788 605 1865 propaginem,
618 1797 693 1848 totas
708 1789 910 1866 supplantandi
923 1790 1068 1848 interram

70 1876 138 1934 vitis
158 1874 316 1952 cuneisque
334 1870 458 1932 lindendi
474 1873 545 1930 etin
561 1872 659 1931 sulcos
673 1871 764 1950 pluris
778 1872 861 1932 simul
876 1891 913 1932 ex
930 1889 984 1930 uua
1000 1889 1067 1950 pro·

41 1973 62 2012 ao
73 1957 210 2038 pagandi‚
228 1955 391 2034 gracilitate
412 1953 586 2030 singularum
611 1954 719 2015 firmata
737 1956 941 2032 circumligatis
959 1955 1066 2016 hastili·

17 2065 18 2076 ¹
70 2042 143 2117 bus,
165 2058 222 2100 nec
242 2038 348 2098 recisis
369 2039 448 2114 quia
470 2037 607 2096 lateribus
625 2049 778 2097 excurrant
793 2041 942 2116 pampinis.
971 2039 1067 2099 Nova·

70 2125 178 2186 riensis
200 2121 331 2200 agricola
354 2120 500 2181 traducum
526 2119 608 2180 turba
629 2137 686 2180 non
712 2130 878 2196 contentus,
905 2139 960 2180 nec
981 2123 1067 2199 copia

17 2235 19 2304 q
71 2225 227 2284 ramorum,
246 2206 377 2284 inpositis
394 2206 544 2264 etiamnum
559 2203 694 2283 patibulis
710 2204 843 2282 palmites
859 2205 1066 2263 circumvolvit.

70 2297 173 2371 itaque
196 2300 314 2370 praeter
345 2289 401 2349 soli
424 2290 493 2348 vitia
517 2289 627 2352 cultura
652 2305 767 2366 quoque
791 2295 874 2347 torva
900 2286 969 2346 liunt
990 2287 1066 2344 vina.

39 2378 141 2438 radlia
159 2377 245 2453 culpa
262 2376 340 2433 iuxta
362 2372 462 2431 urbem
477 2371 659 2446 Varracinis‚
683 2389 757 2451 quae
777 2371 895 2431 alternis
917 2377 1049 2449 putantur
1059 2379 1111 2433 213

69 2461 167 2535 annis,
184 2476 242 2518 non
257 2459 322 2536 quia
337 2456 366 2516 id
382 2457 431 2515 viti
447 2456 598 2532 conducat,
615 2455 667 2514 sed
684 2457 750 2534 quia
766 2455 877 2516 vilitate
891 2454 1012 2514 reditum
1026 2455 1067 2512 in·

69 2544 182 2623 pendia
198 2548 384 2619 exsuperant.
420 2538 543 2599 medium
563 2549 817 2618 temperamentum
840 2541 869 2598 ln
890 2537 1068 2599 Carseolano

68 2636 225 2701 secuntur,
244 2626 428 2702 cariosasque
444 2631 550 2682 tantum
561 2625 626 2681 vitis
637 2625 727 2700 partis
741 2623 961 2701 incipientisque
975 2624 1067 2684 inare-

68 2731 163 2772 scere
186 2708 375 2788 depntandc,
389 2699 496 2766 ceteris
522 2705 557 2764 ad
579 2723 663 2765 uvam
681 2705 807 2783 relictis,
829 2706 960 2766 detracto
978 2722 1068 2765 onere

36 2811 60 2852 ao
70 2810 279 2874 supervacuo,
301 2807 354 2869 pro
375 2791 545 2849 nutrimento
569 2791 644 2848 omni
668 2797 713 2847 est
727 2791 830 2849 raritas
846 2788 984 2848 volneris.
1016 2788 1067 2848 sed

68 2881 132 2938 nisi
146 2879 245 2956 pingui
255 2874 320 2934 solo
333 2874 397 2932 talis
411 2873 520 2933 cultura
532 2870 691 2947 degenerat
703 2871 732 2929 in
743 2870 913 2932 labruscam.
932 2872 992 2950 [aa]
1000 2870 1052 2929 Ar·
1060 2879 1112 2934 att

17 2989 23 3048 q
69 2964 164 3022 busta
198 2961 272 3020 arari
300 2975 385 3036 quam
415 2957 551 3020 altissime
586 2953 766 3029 desiderant,
796 2955 910 3016 tametsi
937 2955 1069 3014 frumenti

17 3049 19 3094 t
67 3046 154 3106 ratio
169 3061 227 3104 non
242 3043 341 3119 exigit.
358 3041 515 3118 pampinari
531 3057 565 3098 ea
578 3046 697 3098 nonest
709 3039 807 3112 moris,
827 3048 856 3098 et
869 3039 926 3099 hoc
943 3052 1068 3114 conpen-

69 3131 157 3189 dium
175 3145 294 3207 operae.
324 3125 495 3201 dcputautur
510 3139 574 3182 cum
588 3122 647 3179 vite
666 3124 774 3198 pariter
791 3123 959 3182 interlucata
976 3120 1074 3180 densi·-

31 3223 141 3273 astate
167 3227 309 3272 ramorum
337 3209 384 3284 qui
415 3206 469 3264 sint
496 3204 666 3284 supervacui
692 3214 720 3264 et
752 3205 899 3265 absumant
927 3203 1069 3264 alimenta.

68 3297 185 3374 plagas
201 3291 236 3355 ad
251 3291 464 3368 septentriones
481 3297 527 3347 aut
547 3289 582 3349 ad
596 3287 744 3348 meridiem
765 3288 1068 3367 spectarevetuimus,
1078 3308 1102 3344 aa

66 3379 201 3454 melius,
223 3379 248 3437 si
270 3391 366 3450 neque
389 3374 417 3431 in
437 3389 559 3432 occasus
581 3372 660 3433 solis.
694 3372 740 3433 diu
760 3372 860 3433 dolent
872 3371 939 3432 talia
956 3387 1070 3448 quoque

65 3465 180 3524 ulcera
199 3471 228 3522 et
248 3456 368 3542 difficile
389 3464 545 3516 sanescunt
565 3455 688 3532 algendo
709 3457 791 3516 nimis
811 3455 1013 3598 aestquudcve.
1029 3485 1061 3496 -
