<?xml version="1.0" encoding="UTF-8"?>
<!DOCTYPE html PUBLIC "-//W3C//DTD XHTML 1.0 Transitional//EN"
    "http://www.w3.org/TR/xhtml1/DTD/xhtml1-transitional.dtd">
<html xmlns="http://www.w3.org/1999/xhtml" xml:lang="en" lang="en">
 <head>
  <title>
</title>
<meta http-equiv="Content-Type" content="text/html;charset=utf-8" />
  <meta name='ocr-system' content='tesseract 3.04.00' />
  <meta name='ocr-capabilities' content='ocr_page ocr_carea ocr_par ocr_line ocrx_word'/>
</head>
<body>
  <div class='ocr_page' id='page_1' title='image "./cplinisecundina23plingoog_0160.png"; bbox 0 0 2534 3866; ppageno 0'>
   <div class='ocr_carea' id='block_1_1' title="bbox 320 171 1112 252">
    <p class='ocr_par' dir='ltr' id='par_1_1' title="bbox 320 171 1112 252">
     <span class='ocr_line' id='line_1_1' title="bbox 320 171 1112 252; baseline 0.005 -22"><span class='ocrx_word' id='word_1_1' title='bbox 320 179 724 234; x_wconf 78' lang='lat' dir='ltr'><strong>nar.n1sr.xvm1.o—t.</strong></span> <span class='ocrx_word' id='word_1_2' title='bbox 742 173 877 252; x_wconf 78' lang='lat'>(8-10.)</span> <span class='ocrx_word' id='word_1_3' title='bbox 922 175 924 182; x_wconf 89' lang='lat'>&#39;</span> <span class='ocrx_word' id='word_1_4' title='bbox 957 183 962 194; x_wconf 88' lang='lat'><strong>·</strong></span> <span class='ocrx_word' id='word_1_5' title='bbox 1054 171 1112 234; x_wconf 83' lang='lat'><strong>103</strong></span> 
     </span>
    </p>
   </div>
   <div class='ocr_carea' id='block_1_2' title="bbox 6 336 1252 3537">
    <p class='ocr_par' dir='ltr' id='par_1_2' title="bbox 6 336 1252 3537">
     <span class='ocr_line' id='line_1_2' title="bbox 113 336 1112 418; baseline 0.004 -22"><span class='ocrx_word' id='word_1_6' title='bbox 113 344 206 411; x_wconf 86' lang='lat' dir='ltr'><strong>tante,</strong></span> <span class='ocrx_word' id='word_1_7' title='bbox 229 336 367 414; x_wconf 86' lang='lat' dir='ltr'><strong>paulatim</strong></span> <span class='ocrx_word' id='word_1_8' title='bbox 387 345 541 399; x_wconf 82' lang='lat' dir='ltr'><strong>extenuato</strong></span> <span class='ocrx_word' id='word_1_9' title='bbox 563 338 658 397; x_wconf 88' lang='lat' dir='ltr'><strong>oulmo</strong></span> <span class='ocrx_word' id='word_1_10' title='bbox 678 355 772 416; x_wconf 88' lang='lat' dir='ltr'><strong>paene</strong></span> <span class='ocrx_word' id='word_1_11' title='bbox 793 341 822 397; x_wconf 92' lang='lat' dir='ltr'><strong>in</strong></span> <span class='ocrx_word' id='word_1_12' title='bbox 845 339 1004 416; x_wconf 82' lang='lat' dir='ltr'><strong>surculum,</strong></span> <span class='ocrx_word' id='word_1_13' title='bbox 1028 356 1112 418; x_wconf 87' lang='lat' dir='ltr'><strong>prae·</strong></span> 
     </span>
     <span class='ocr_line' id='line_1_3' title="bbox 113 421 1112 500; baseline 0.002 -19"><span class='ocrx_word' id='word_1_14' title='bbox 113 421 210 482; x_wconf 91' lang='lat' dir='ltr'><strong>densis</strong></span> <span class='ocrx_word' id='word_1_15' title='bbox 231 428 385 480; x_wconf 77' lang='lat' dir='ltr'><strong>acervatur</strong></span> <span class='ocrx_word' id='word_1_16' title='bbox 400 424 497 498; x_wconf 79' lang='lat' dir='ltr'><strong>grams</strong></span> <span class='ocrx_word' id='word_1_17' title='bbox 518 439 583 482; x_wconf 89' lang='lat' dir='ltr'><strong>oum</strong></span> <span class='ocrx_word' id='word_1_18' title='bbox 601 422 768 498; x_wconf 86' lang='lat' dir='ltr'><strong>longissima</strong></span> <span class='ocrx_word' id='word_1_19' title='bbox 785 421 882 500; x_wconf 89' lang='lat' dir='ltr'><strong>pedali</strong></span> <span class='ocrx_word' id='word_1_20' title='bbox 899 422 1004 499; x_wconf 85' lang='lat' dir='ltr'><strong>phoha.</strong></span> <span class='ocrx_word' id='word_1_21' title='bbox 1033 424 1112 483; x_wconf 91' lang='lat' dir='ltr'><strong>milio</strong></span> 
     </span>
     <span class='ocr_line' id='line_1_4' title="bbox 113 505 1156 584; baseline 0.006 -20"><span class='ocrx_word' id='word_1_22' title='bbox 113 521 213 566; x_wconf 87' lang='lat' dir='ltr'><strong>oomae</strong></span> <span class='ocrx_word' id='word_1_23' title='bbox 227 521 348 580; x_wconf 62' lang='lat' dir='ltr'><strong>manum</strong></span> <span class='ocrx_word' id='word_1_24' title='bbox 370 505 534 584; x_wconf 77' lang='lat' dir='ltr'>conplexae</span> <span class='ocrx_word' id='word_1_25' title='bbox 554 505 695 565; x_wconf 87' lang='lat' dir='ltr'><strong>fimbriato</strong></span> <span class='ocrx_word' id='word_1_26' title='bbox 720 505 828 584; x_wconf 78' lang='lat' dir='ltr'><strong>capillo</strong></span> <span class='ocrx_word' id='word_1_27' title='bbox 849 516 1010 567; x_wconf 82' lang='lat' dir='ltr'><strong>curvantur.</strong></span> <span class='ocrx_word' id='word_1_28' title='bbox 1043 509 1156 570; x_wconf 73' lang='lat' dir='ltr'><strong>Sunttd</strong></span> 
     </span>
     <span class='ocr_line' id='line_1_5' title="bbox 113 589 1112 669; baseline 0.002 -21"><span class='ocrx_word' id='word_1_29' title='bbox 113 597 142 649; x_wconf 91' lang='lat' dir='ltr'><strong>et</strong></span> <span class='ocrx_word' id='word_1_30' title='bbox 158 589 263 667; x_wconf 87' lang='lat' dir='ltr'><strong>panioo</strong></span> <span class='ocrx_word' id='word_1_31' title='bbox 278 606 404 665; x_wconf 84' lang='lat' dir='ltr'><strong>genera:</strong></span> <span class='ocrx_word' id='word_1_32' title='bbox 421 606 587 665; x_wconf 90' lang='lat' dir='ltr'><strong>mammosa,</strong></span> <span class='ocrx_word' id='word_1_33' title='bbox 606 608 623 648; x_wconf 89' lang='lat' dir='ltr'><strong>e</strong></span> <span class='ocrx_word' id='word_1_34' title='bbox 638 605 715 667; x_wconf 89' lang='lat' dir='ltr'><strong>pano</strong></span> <span class='ocrx_word' id='word_1_35' title='bbox 727 591 825 667; x_wconf 85' lang='lat' dir='ltr'><strong>parvis</strong></span> <span class='ocrx_word' id='word_1_36' title='bbox 839 599 984 650; x_wconf 82' lang='lat' dir='ltr'><strong>racemata</strong></span> <span class='ocrx_word' id='word_1_37' title='bbox 996 594 1112 669; x_wconf 84' lang='lat' dir='ltr'><strong>panion·</strong></span> 
     </span>
     <span class='ocr_line' id='line_1_6' title="bbox 87 672 1113 752; baseline 0.001 -19"><span class='ocrx_word' id='word_1_38' title='bbox 87 673 156 749; x_wconf 87' lang='lat' dir='ltr'><strong>slis,</strong></span> <span class='ocrx_word' id='word_1_39' title='bbox 173 682 203 732; x_wconf 86' lang='lat' dir='ltr'><strong>et</strong></span> <span class='ocrx_word' id='word_1_40' title='bbox 219 674 367 732; x_wconf 82' lang='lat' dir='ltr'><strong>cacumine</strong></span> <span class='ocrx_word' id='word_1_41' title='bbox 378 675 505 749; x_wconf 87' lang='lat' dir='ltr'><strong>gemino.</strong></span> <span class='ocrx_word' id='word_1_42' title='bbox 538 675 605 752; x_wconf 84' lang='lat' dir='ltr'><strong>quin</strong></span> <span class='ocrx_word' id='word_1_43' title='bbox 623 681 653 732; x_wconf 88' lang='lat' dir='ltr'><strong>et</strong></span> <span class='ocrx_word' id='word_1_44' title='bbox 664 672 767 733; x_wconf 87' lang='lat' dir='ltr'><strong>eolore</strong></span> <span class='ocrx_word' id='word_1_45' title='bbox 779 672 968 749; x_wconf 80' lang='lat' dir='ltr'><strong>distinguntur</strong></span> <span class='ocrx_word' id='word_1_46' title='bbox 980 675 1113 750; x_wconf 77' lang='lat' dir='ltr'><strong>candido,</strong></span> 
     </span>
     <span class='ocr_line' id='line_1_7' title="bbox 111 755 1112 836; baseline 0 -20"><span class='ocrx_word' id='word_1_47' title='bbox 111 758 204 834; x_wconf 82' lang='lat' dir='ltr'><strong>rsigro,</strong></span> <span class='ocrx_word' id='word_1_48' title='bbox 221 755 297 832; x_wconf 87' lang='lat' dir='ltr'><strong>rulo,</strong></span> <span class='ocrx_word' id='word_1_49' title='bbox 315 757 400 817; x_wconf 91' lang='lat' dir='ltr'><strong>etiam</strong></span> <span class='ocrx_word' id='word_1_50' title='bbox 415 774 573 836; x_wconf 82' lang='lat' dir='ltr'><strong>purpureo.</strong></span> <span class='ocrx_word' id='word_1_51' title='bbox 604 755 689 818; x_wconf 87' lang='lat' dir='ltr'><strong>Panis</strong></span> <span class='ocrx_word' id='word_1_52' title='bbox 703 756 885 817; x_wconf 80' lang='lat' dir='ltr'><strong>multifariam</strong></span> <span class='ocrx_word' id='word_1_53' title='bbox 899 766 929 816; x_wconf 87' lang='lat' dir='ltr'><strong>et</strong></span> <span class='ocrx_word' id='word_1_54' title='bbox 950 758 1056 817; x_wconf 85' lang='lat' dir='ltr'><strong>amilio</strong></span> <span class='ocrx_word' id='word_1_55' title='bbox 1071 758 1112 832; x_wconf 88' lang='lat' dir='ltr'><strong>lit,</strong></span> 
     </span>
     <span class='ocr_line' id='line_1_8' title="bbox 111 840 1114 922; baseline 0 -22"><span class='ocrx_word' id='word_1_56' title='bbox 111 841 244 918; x_wconf 75' lang='lat' dir='ltr'><strong>epanioo</strong></span> <span class='ocrx_word' id='word_1_57' title='bbox 258 857 351 900; x_wconf 87' lang='lat' dir='ltr'><strong>rarus.</strong></span> <span class='ocrx_word' id='word_1_58' title='bbox 385 840 438 900; x_wconf 86' lang='lat' dir='ltr'><strong>sed</strong></span> <span class='ocrx_word' id='word_1_59' title='bbox 457 840 566 901; x_wconf 90' lang='lat' dir='ltr'><strong>nullum</strong></span> <span class='ocrx_word' id='word_1_60' title='bbox 589 841 783 919; x_wconf 81' lang='lat' dir='ltr'>ponderosius</span> <span class='ocrx_word' id='word_1_61' title='bbox 807 841 979 902; x_wconf 78' lang='lat' dir='ltr'><strong>frumentum</strong></span> <span class='ocrx_word' id='word_1_62' title='bbox 1000 850 1045 900; x_wconf 87' lang='lat' dir='ltr'><strong>est</strong></span> <span class='ocrx_word' id='word_1_63' title='bbox 1065 850 1114 922; x_wconf 76' lang='lat' dir='ltr'><strong>aut</strong></span> 
     </span>
     <span class='ocr_line' id='line_1_9' title="bbox 111 923 1113 1004; baseline 0 -20"><span class='ocrx_word' id='word_1_64' title='bbox 111 923 189 1004; x_wconf 80' lang='lat' dir='ltr'><strong>quod</strong></span> <span class='ocrx_word' id='word_1_65' title='bbox 206 924 359 1002; x_wconf 83' lang='lat' dir='ltr'><strong>coquendo</strong></span> <span class='ocrx_word' id='word_1_66' title='bbox 376 926 467 1002; x_wconf 88' lang='lat' dir='ltr'><strong>magis</strong></span> <span class='ocrx_word' id='word_1_67' title='bbox 484 933 608 984; x_wconf 87' lang='lat' dir='ltr'><strong>oresoat.</strong></span> <span class='ocrx_word' id='word_1_68' title='bbox 638 938 686 984; x_wconf 77' lang='lat' dir='ltr'><strong>Lx</strong></span> <span class='ocrx_word' id='word_1_69' title='bbox 701 925 799 1003; x_wconf 89' lang='lat' dir='ltr'><strong>pondo</strong></span> <span class='ocrx_word' id='word_1_70' title='bbox 817 925 899 1002; x_wconf 88' lang='lat' dir='ltr'><strong>panis</strong></span> <span class='ocrx_word' id='word_1_71' title='bbox 916 943 933 984; x_wconf 88' lang='lat' dir='ltr'><strong>e</strong></span> <span class='ocrx_word' id='word_1_72' title='bbox 953 924 1048 985; x_wconf 92' lang='lat' dir='ltr'><strong>modio</strong></span> <span class='ocrx_word' id='word_1_73' title='bbox 1068 943 1113 984; x_wconf 88' lang='lat' dir='ltr'><strong>re·</strong></span> 
     </span>
     <span class='ocr_line' id='line_1_10' title="bbox 111 1007 1190 1087; baseline -0.001 -19"><span class='ocrx_word' id='word_1_74' title='bbox 111 1008 217 1068; x_wconf 86' lang='lat' dir='ltr'><strong>daount</strong></span> <span class='ocrx_word' id='word_1_75' title='bbox 235 1008 420 1087; x_wconf 85' lang='lat' dir='ltr'>modiumque</span> <span class='ocrx_word' id='word_1_76' title='bbox 438 1009 526 1087; x_wconf 85' lang='lat' dir='ltr'><strong>pultis</strong></span> <span class='ocrx_word' id='word_1_77' title='bbox 547 1008 693 1068; x_wconf 85' lang='lat' dir='ltr'><strong>extribus</strong></span> <span class='ocrx_word' id='word_1_78' title='bbox 715 1009 850 1068; x_wconf 75' lang='lat' dir='ltr'><strong>sextariis</strong></span> <span class='ocrx_word' id='word_1_79' title='bbox 867 1008 997 1069; x_wconf 90' lang='lat' dir='ltr'><strong>madidis.</strong></span> <span class='ocrx_word' id='word_1_80' title='bbox 1041 1007 1156 1068; x_wconf 80' lang='lat' dir='ltr'><strong>Mili-sa</strong></span> <span class='ocrx_word' id='word_1_81' title='bbox 1179 1021 1190 1032; x_wconf 88' lang='lat'>·</span> 
     </span>
     <span class='ocr_line' id='line_1_11' title="bbox 77 1091 1115 1153; baseline 0.001 -3"><span class='ocrx_word' id='word_1_82' title='bbox 77 1109 155 1152; x_wconf 82' lang='lat' dir='ltr'><strong>noum</strong></span> <span class='ocrx_word' id='word_1_83' title='bbox 170 1093 243 1151; x_wconf 88' lang='lat' dir='ltr'><strong>iutra</strong></span> <span class='ocrx_word' id='word_1_84' title='bbox 259 1092 313 1152; x_wconf 96' lang='lat' dir='ltr'><strong>hos</strong></span> <span class='ocrx_word' id='word_1_85' title='bbox 330 1093 433 1152; x_wconf 81' lang='lat' dir='ltr'><strong>decem</strong></span> <span class='ocrx_word' id='word_1_86' title='bbox 454 1109 544 1152; x_wconf 91' lang='lat' dir='ltr'><strong>annos</strong></span> <span class='ocrx_word' id='word_1_87' title='bbox 562 1110 601 1152; x_wconf 86' lang='lat' dir='ltr'><strong>ex</strong></span> <span class='ocrx_word' id='word_1_88' title='bbox 622 1091 706 1152; x_wconf 85' lang='lat' dir='ltr'><strong>India·</strong></span> <span class='ocrx_word' id='word_1_89' title='bbox 720 1094 749 1151; x_wconf 92' lang='lat' dir='ltr'><strong>in</strong></span> <span class='ocrx_word' id='word_1_90' title='bbox 769 1091 878 1153; x_wconf 88' lang='lat' dir='ltr'><strong>ltaliam</strong></span> <span class='ocrx_word' id='word_1_91' title='bbox 902 1094 1046 1153; x_wconf 77' lang='lat' dir='ltr'><strong>invectum</strong></span> <span class='ocrx_word' id='word_1_92' title='bbox 1070 1101 1115 1152; x_wconf 89' lang='lat' dir='ltr'><strong>est</strong></span> 
     </span>
     <span class='ocr_line' id='line_1_12' title="bbox 13 1176 1113 1256; baseline 0 -20"><span class='ocrx_word' id='word_1_93' title='bbox 13 1195 14 1228; x_wconf 60' lang='lat' dir='ltr'><strong>r</strong></span> <span class='ocrx_word' id='word_1_94' title='bbox 109 1179 220 1253; x_wconf 78' lang='lat' dir='ltr'><strong>nigrum</strong></span> <span class='ocrx_word' id='word_1_95' title='bbox 236 1176 349 1251; x_wconf 86' lang='lat' dir='ltr'><strong>colore,</strong></span> <span class='ocrx_word' id='word_1_96' title='bbox 366 1176 490 1256; x_wconf 90' lang='lat' dir='ltr'><strong>amplum</strong></span> <span class='ocrx_word' id='word_1_97' title='bbox 511 1193 619 1253; x_wconf 61' lang='lat' dir='ltr'><strong>gano,</strong></span> <span class='ocrx_word' id='word_1_98' title='bbox 641 1176 847 1236; x_wconf 87' lang='lat' dir='ltr'><strong>harundineum</strong></span> <span class='ocrx_word' id='word_1_99' title='bbox 876 1176 979 1236; x_wconf 86' lang='lat' dir='ltr'><strong>culmo.</strong></span> <span class='ocrx_word' id='word_1_100' title='bbox 1015 1176 1113 1237; x_wconf 90' lang='lat' dir='ltr'><strong>adule-</strong></span> 
     </span>
     <span class='ocr_line' id='line_1_13' title="bbox 12 1259 1112 1339; baseline -0.003 -17"><span class='ocrx_word' id='word_1_101' title='bbox 12 1297 13 1314; x_wconf 34' lang='grc' dir='ltr'><strong>κ</strong></span> <span class='ocrx_word' id='word_1_102' title='bbox 109 1262 165 1322; x_wconf 88' lang='lat' dir='ltr'><strong>soit</strong></span> <span class='ocrx_word' id='word_1_103' title='bbox 179 1260 216 1320; x_wconf 94' lang='lat' dir='ltr'><strong>ad</strong></span> <span class='ocrx_word' id='word_1_104' title='bbox 227 1259 320 1338; x_wconf 89' lang='lat' dir='ltr'><strong>pedes</strong></span> <span class='ocrx_word' id='word_1_105' title='bbox 338 1259 487 1320; x_wconf 84' lang='lat' dir='ltr'><strong>altitudine</strong></span> <span class='ocrx_word' id='word_1_106' title='bbox 504 1269 628 1339; x_wconf 91' lang='lat' dir='ltr'><strong>septem,</strong></span> <span class='ocrx_word' id='word_1_107' title='bbox 636 1259 864 1338; x_wconf 85' lang='lat' dir='ltr'><strong>praegrandibus</strong></span> <span class='ocrx_word' id='word_1_108' title='bbox 879 1260 980 1320; x_wconf 80' lang='lat' dir='ltr'><strong>culmis</strong></span> <span class='ocrx_word' id='word_1_109' title='bbox 993 1261 1112 1339; x_wconf 45' lang='lat' dir='ltr'><strong>*pho-</strong></span> 
     </span>
     <span class='ocr_line' id='line_1_14' title="bbox 12 1343 1113 1422; baseline -0.001 -18"><span class='ocrx_word' id='word_1_110' title='bbox 12 1343 13 1390; x_wconf 70' lang='lat' dir='ltr'><strong>l</strong></span> <span class='ocrx_word' id='word_1_111' title='bbox 108 1344 162 1404; x_wconf 88' lang='lat' dir='ltr'><strong>has</strong></span> <span class='ocrx_word' id='word_1_112' title='bbox 177 1353 284 1404; x_wconf 79' lang='lat' dir='ltr'><strong>uocant</strong></span> <span class='ocrx_word' id='word_1_113' title='bbox 300 1379 342 1390; x_wconf 91' lang='lat'><em>-</em></span> <span class='ocrx_word' id='word_1_114' title='bbox 362 1346 485 1404; x_wconf 89' lang='lat' dir='ltr'><strong>omnium</strong></span> <span class='ocrx_word' id='word_1_115' title='bbox 507 1343 621 1422; x_wconf 88' lang='lat' dir='ltr'><strong>frugum</strong></span> <span class='ocrx_word' id='word_1_116' title='bbox 642 1344 858 1408; x_wconf 84' lang='lat' dir='ltr'><strong>fertilissimum.</strong></span> <span class='ocrx_word' id='word_1_117' title='bbox 889 1363 926 1404; x_wconf 81' lang='lat' dir='ltr'><strong>ex</strong></span> <span class='ocrx_word' id='word_1_118' title='bbox 941 1361 999 1404; x_wconf 89' lang='lat' dir='ltr'><strong>uno</strong></span> <span class='ocrx_word' id='word_1_119' title='bbox 1021 1362 1113 1422; x_wconf 88' lang='lat' dir='ltr'><strong>grano</strong></span> 
     </span>
     <span class='ocr_line' id='line_1_15' title="bbox 108 1423 1155 1509; baseline 0.002 -21"><span class='ocrx_word' id='word_1_120' title='bbox 108 1430 190 1488; x_wconf 86' lang='lat' dir='ltr'><strong>terni</strong></span> <span class='ocrx_word' id='word_1_121' title='bbox 202 1431 321 1490; x_wconf 88' lang='lat' dir='ltr'><strong>sextarii</strong></span> <span class='ocrx_word' id='word_1_122' title='bbox 335 1430 500 1507; x_wconf 84' lang='lat' dir='ltr'><strong>gignuntur.</strong></span> <span class='ocrx_word' id='word_1_123' title='bbox 531 1430 591 1488; x_wconf 92' lang='lat' dir='ltr'><strong>seri</strong></span> <span class='ocrx_word' id='word_1_124' title='bbox 605 1428 694 1489; x_wconf 89' lang='lat' dir='ltr'><strong>dehet</strong></span> <span class='ocrx_word' id='word_1_125' title='bbox 710 1429 738 1488; x_wconf 90' lang='lat' dir='ltr'><strong>in</strong></span> <span class='ocrx_word' id='word_1_126' title='bbox 749 1427 861 1489; x_wconf 90' lang='lat' dir='ltr'><strong>umidis.</strong></span> <span class='ocrx_word' id='word_1_127' title='bbox 890 1426 928 1509; x_wconf 82' lang='lat'><strong>[4]</strong></span> <span class='ocrx_word' id='word_1_128' title='bbox 961 1423 1155 1490; x_wconf 78' lang='lat' dir='ltr'><strong>Frumentatt</strong></span> 
     </span>
     <span class='ocr_line' id='line_1_16' title="bbox 74 1509 1112 1592; baseline -0.006 -14"><span class='ocrx_word' id='word_1_129' title='bbox 74 1537 99 1578; x_wconf 82' lang='lat' dir='ltr'><strong>rs</strong></span> <span class='ocrx_word' id='word_1_130' title='bbox 110 1513 251 1592; x_wconf 86' lang='lat' dir='ltr'><strong>quaedam</strong></span> <span class='ocrx_word' id='word_1_131' title='bbox 265 1515 294 1573; x_wconf 97' lang='lat' dir='ltr'><strong>in</strong></span> <span class='ocrx_word' id='word_1_132' title='bbox 308 1516 394 1574; x_wconf 90' lang='lat' dir='ltr'><strong>tertio</strong></span> <span class='ocrx_word' id='word_1_133' title='bbox 412 1531 488 1591; x_wconf 86' lang='lat' dir='ltr'><strong>genu</strong></span> <span class='ocrx_word' id='word_1_134' title='bbox 504 1514 614 1592; x_wconf 82' lang='lat' dir='ltr'><strong>spicam</strong></span> <span class='ocrx_word' id='word_1_135' title='bbox 629 1509 767 1592; x_wconf 82' lang='lat' dir='ltr'><strong>incipiunt</strong></span> <span class='ocrx_word' id='word_1_136' title='bbox 785 1513 954 1591; x_wconf 75' lang='lat' dir='ltr'><strong>consipere,</strong></span> <span class='ocrx_word' id='word_1_137' title='bbox 973 1512 1112 1590; x_wconf 85' lang='lat' dir='ltr'><strong>quaedam</strong></span> 
     </span>
     <span class='ocr_line' id='line_1_17' title="bbox 107 1596 1112 1676; baseline -0.001 -19"><span class='ocrx_word' id='word_1_138' title='bbox 107 1599 137 1657; x_wconf 89' lang='lat' dir='ltr'><strong>in</strong></span> <span class='ocrx_word' id='word_1_139' title='bbox 152 1607 265 1676; x_wconf 83' lang='lat' dir='ltr'><strong>quarto,</strong></span> <span class='ocrx_word' id='word_1_140' title='bbox 281 1599 335 1659; x_wconf 90' lang='lat' dir='ltr'><strong>sed</strong></span> <span class='ocrx_word' id='word_1_141' title='bbox 349 1600 503 1658; x_wconf 87' lang='lat' dir='ltr'><strong>etiamnum</strong></span> <span class='ocrx_word' id='word_1_142' title='bbox 519 1597 672 1658; x_wconf 90' lang='lat' dir='ltr'><strong>oooultam.</strong></span> <span class='ocrx_word' id='word_1_143' title='bbox 703 1596 838 1673; x_wconf 82' lang='lat' dir='ltr'><strong>genicula</strong></span> <span class='ocrx_word' id='word_1_144' title='bbox 859 1605 954 1656; x_wconf 89' lang='lat' dir='ltr'><strong>autem</strong></span> <span class='ocrx_word' id='word_1_145' title='bbox 977 1607 1041 1656; x_wconf 90' lang='lat' dir='ltr'><strong>snut</strong></span> <span class='ocrx_word' id='word_1_146' title='bbox 1064 1599 1112 1656; x_wconf 91' lang='lat' dir='ltr'><strong>tri·</strong></span> 
     </span>
     <span class='ocr_line' id='line_1_18' title="bbox 8 1680 1113 1792; baseline -0.004 -50"><span class='ocrx_word' id='word_1_147' title='bbox 8 1698 10 1792; x_wconf 47' lang='grc' dir='ltr'><em>ν</em></span> <span class='ocrx_word' id='word_1_148' title='bbox 106 1682 167 1742; x_wconf 88' lang='lat' dir='ltr'><strong>tioo</strong></span> <span class='ocrx_word' id='word_1_149' title='bbox 183 1691 333 1759; x_wconf 81' lang='lat' dir='ltr'><strong>quaterna,</strong></span> <span class='ocrx_word' id='word_1_150' title='bbox 349 1682 418 1742; x_wconf 87' lang='lat' dir='ltr'><strong>iarri</strong></span> <span class='ocrx_word' id='word_1_151' title='bbox 433 1699 516 1757; x_wconf 89' lang='lat' dir='ltr'><strong>sena,</strong></span> <span class='ocrx_word' id='word_1_152' title='bbox 532 1681 645 1741; x_wconf 90' lang='lat' dir='ltr'><strong>hordeo</strong></span> <span class='ocrx_word' id='word_1_153' title='bbox 662 1688 776 1739; x_wconf 84' lang='lat' dir='ltr'><strong>octona.</strong></span> <span class='ocrx_word' id='word_1_154' title='bbox 810 1680 933 1739; x_wconf 88' lang='lat' dir='ltr'><strong>sednon</strong></span> <span class='ocrx_word' id='word_1_155' title='bbox 947 1689 1012 1740; x_wconf 90' lang='lat' dir='ltr'><strong>ante</strong></span> <span class='ocrx_word' id='word_1_156' title='bbox 1026 1697 1113 1758; x_wconf 86' lang='lat' dir='ltr'><strong>supra</strong></span> 
     </span>
     <span class='ocr_line' id='line_1_19' title="bbox 7 1763 1113 1848; baseline -0.006 -21"><span class='ocrx_word' id='word_1_157' title='bbox 7 1797 8 1848; x_wconf 61' lang='lat'><strong>,</strong></span> <span class='ocrx_word' id='word_1_158' title='bbox 107 1766 214 1826; x_wconf 90' lang='lat' dir='ltr'><strong>diotum</strong></span> <span class='ocrx_word' id='word_1_159' title='bbox 231 1765 432 1843; x_wconf 77' lang='lat' dir='ltr'><strong>geniculorum</strong></span> <span class='ocrx_word' id='word_1_160' title='bbox 452 1783 599 1826; x_wconf 88' lang='lat' dir='ltr'><strong>numerum</strong></span> <span class='ocrx_word' id='word_1_161' title='bbox 621 1772 781 1841; x_wconf 81' lang='lat' dir='ltr'><strong>conseptus</strong></span> <span class='ocrx_word' id='word_1_162' title='bbox 804 1772 849 1822; x_wconf 89' lang='lat' dir='ltr'><strong>est</strong></span> <span class='ocrx_word' id='word_1_163' title='bbox 870 1763 987 1840; x_wconf 83' lang='lat' dir='ltr'><strong>spicae,</strong></span> <span class='ocrx_word' id='word_1_164' title='bbox 1010 1764 1059 1840; x_wconf 89' lang='lat' dir='ltr'><strong>qui</strong></span> <span class='ocrx_word' id='word_1_165' title='bbox 1082 1772 1113 1821; x_wconf 91' lang='lat' dir='ltr'><strong>ut</strong></span> 
     </span>
     <span class='ocr_line' id='line_1_20' title="bbox 6 1845 1113 1928; baseline -0.006 -17"><span class='ocrx_word' id='word_1_166' title='bbox 6 1859 8 1924; x_wconf 69' lang='lat' dir='ltr'><strong><em>J</em></strong></span> <span class='ocrx_word' id='word_1_167' title='bbox 108 1867 191 1928; x_wconf 87' lang='lat' dir='ltr'><strong>spem</strong></span> <span class='ocrx_word' id='word_1_168' title='bbox 206 1851 251 1909; x_wconf 90' lang='lat' dir='ltr'><strong>sui</strong></span> <span class='ocrx_word' id='word_1_169' title='bbox 266 1849 347 1926; x_wconf 84' lang='lat' dir='ltr'><strong>lecit,</strong></span> <span class='ocrx_word' id='word_1_170' title='bbox 366 1857 502 1928; x_wconf 85' lang='lat' dir='ltr'><strong>quattuor</strong></span> <span class='ocrx_word' id='word_1_171' title='bbox 517 1858 564 1908; x_wconf 89' lang='lat' dir='ltr'><strong>aut</strong></span> <span class='ocrx_word' id='word_1_172' title='bbox 576 1850 702 1928; x_wconf 82' lang='lat' dir='ltr'><strong>quinque</strong></span> <span class='ocrx_word' id='word_1_173' title='bbox 713 1847 874 1908; x_wconf 86' lang='lat' dir='ltr'><strong>tardissime</strong></span> <span class='ocrx_word' id='word_1_174' title='bbox 888 1845 991 1906; x_wconf 89' lang='lat' dir='ltr'><strong>diebus</strong></span> <span class='ocrx_word' id='word_1_175' title='bbox 1005 1846 1113 1906; x_wconf 88' lang='lat' dir='ltr'><strong>llorere</strong></span> 
     </span>
     <span class='ocr_line' id='line_1_21' title="bbox 73 1929 1113 2013; baseline -0.007 -18"><span class='ocrx_word' id='word_1_176' title='bbox 73 1933 248 2011; x_wconf 78' lang='lat' dir='ltr'><strong>ninotptnm</strong></span> <span class='ocrx_word' id='word_1_177' title='bbox 269 1933 447 2013; x_wconf 86' lang='lat' dir='ltr'><strong>totidemque</strong></span> <span class='ocrx_word' id='word_1_178' title='bbox 468 1940 515 1991; x_wconf 91' lang='lat' dir='ltr'><strong>aut</strong></span> <span class='ocrx_word' id='word_1_179' title='bbox 539 1932 627 2010; x_wconf 88' lang='lat' dir='ltr'><strong>paulo</strong></span> <span class='ocrx_word' id='word_1_180' title='bbox 653 1931 783 2011; x_wconf 70' lang='lat' dir='ltr'><strong>pluribus</strong></span> <span class='ocrx_word' id='word_1_181' title='bbox 808 1931 1020 2006; x_wconf 82' lang='lat' dir='ltr'><strong>deflorescunt,</strong></span> <span class='ocrx_word' id='word_1_182' title='bbox 1047 1929 1113 1989; x_wconf 93' lang='lat' dir='ltr'><strong>hor·</strong></span> 
     </span>
     <span class='ocr_line' id='line_1_22' title="bbox 107 2014 1113 2094; baseline -0.008 -15"><span class='ocrx_word' id='word_1_183' title='bbox 107 2019 167 2079; x_wconf 84' lang='lat' dir='ltr'><strong>dea</strong></span> <span class='ocrx_word' id='word_1_184' title='bbox 185 2033 276 2092; x_wconf 87' lang='lat' dir='ltr'><strong>vero,</strong></span> <span class='ocrx_word' id='word_1_185' title='bbox 303 2033 366 2076; x_wconf 85' lang='lat' dir='ltr'><strong>oum</strong></span> <span class='ocrx_word' id='word_1_186' title='bbox 389 2017 568 2089; x_wconf 80' lang='lat' dir='ltr'><strong>tardissime,</strong></span> <span class='ocrx_word' id='word_1_187' title='bbox 594 2025 715 2094; x_wconf 87' lang='lat' dir='ltr'><strong>septem.</strong></span> <span class='ocrx_word' id='word_1_188' title='bbox 747 2015 840 2075; x_wconf 85' lang='lat' dir='ltr'><strong>Varro</strong></span> <span class='ocrx_word' id='word_1_189' title='bbox 863 2023 968 2094; x_wconf 85' lang='lat' dir='ltr'><strong>quater</strong></span> <span class='ocrx_word' id='word_1_190' title='bbox 992 2014 1113 2074; x_wconf 86' lang='lat' dir='ltr'><strong>novenis</strong></span> 
     </span>
     <span class='ocr_line' id='line_1_23' title="bbox 107 2096 1153 2178; baseline -0.002 -16"><span class='ocrx_word' id='word_1_191' title='bbox 107 2101 211 2162; x_wconf 89' lang='lat' dir='ltr'><strong>diebus</strong></span> <span class='ocrx_word' id='word_1_192' title='bbox 229 2100 330 2178; x_wconf 82' lang='lat' dir='ltr'><strong>fruges</strong></span> <span class='ocrx_word' id='word_1_193' title='bbox 353 2099 466 2159; x_wconf 86' lang='lat' dir='ltr'><strong>absolvi</strong></span> <span class='ocrx_word' id='word_1_194' title='bbox 491 2099 577 2158; x_wconf 85' lang='lat' dir='ltr'><strong>tradit</strong></span> <span class='ocrx_word' id='word_1_195' title='bbox 602 2108 751 2158; x_wconf 84' lang='lat' dir='ltr'><strong>otmense</strong></span> <span class='ocrx_word' id='word_1_196' title='bbox 774 2116 850 2158; x_wconf 94' lang='lat' dir='ltr'><strong>nono</strong></span> <span class='ocrx_word' id='word_1_197' title='bbox 878 2101 955 2159; x_wconf 91' lang='lat' dir='ltr'><strong>meti.</strong></span> <span class='ocrx_word' id='word_1_198' title='bbox 988 2100 1029 2178; x_wconf 85' lang='lat'><strong>[5]</strong></span> <span class='ocrx_word' id='word_1_199' title='bbox 1059 2096 1153 2160; x_wconf 70' lang='lat' dir='ltr'><strong>lla-ti</strong></span> 
     </span>
     <span class='ocr_line' id='line_1_24' title="bbox 106 2182 1112 2246; baseline -0.006 0"><span class='ocrx_word' id='word_1_200' title='bbox 106 2185 164 2246; x_wconf 87' lang='lat' dir='ltr'><strong>hae</strong></span> <span class='ocrx_word' id='word_1_201' title='bbox 192 2186 220 2243; x_wconf 96' lang='lat' dir='ltr'><strong>in</strong></span> <span class='ocrx_word' id='word_1_202' title='bbox 241 2183 312 2245; x_wconf 87' lang='lat' dir='ltr'><strong>lolia</strong></span> <span class='ocrx_word' id='word_1_203' title='bbox 337 2193 444 2245; x_wconf 84' lang='lat' dir='ltr'><strong>exeunt</strong></span> <span class='ocrx_word' id='word_1_204' title='bbox 469 2201 504 2243; x_wconf 88' lang='lat' dir='ltr'><strong>ao</strong></span> <span class='ocrx_word' id='word_1_205' title='bbox 534 2183 638 2243; x_wconf 90' lang='lat' dir='ltr'><strong>deinde</strong></span> <span class='ocrx_word' id='word_1_206' title='bbox 667 2183 779 2242; x_wconf 86' lang='lat' dir='ltr'><strong>caulem</strong></span> <span class='ocrx_word' id='word_1_207' title='bbox 808 2183 937 2242; x_wconf 86' lang='lat' dir='ltr'><strong>emittunt</strong></span> <span class='ocrx_word' id='word_1_208' title='bbox 959 2182 1043 2241; x_wconf 90' lang='lat' dir='ltr'><strong>nullis</strong></span> <span class='ocrx_word' id='word_1_209' title='bbox 1072 2182 1112 2241; x_wconf 89' lang='lat' dir='ltr'><strong>di·</strong></span> 
     </span>
     <span class='ocr_line' id='line_1_25' title="bbox 109 2264 1114 2345; baseline -0.005 -16"><span class='ocrx_word' id='word_1_210' title='bbox 109 2270 243 2330; x_wconf 88' lang='lat' dir='ltr'><strong>stinctum</strong></span> <span class='ocrx_word' id='word_1_211' title='bbox 267 2267 447 2328; x_wconf 85' lang='lat' dir='ltr'><strong>internodiis.</strong></span> <span class='ocrx_word' id='word_1_212' title='bbox 486 2266 600 2345; x_wconf 83' lang='lat' dir='ltr'><strong>reliqna</strong></span> <span class='ocrx_word' id='word_1_213' title='bbox 623 2266 767 2344; x_wconf 86' lang='lat' dir='ltr'><strong>legumina</strong></span> <span class='ocrx_word' id='word_1_214' title='bbox 795 2264 947 2327; x_wconf 89' lang='lat' dir='ltr'><strong>suroulosa</strong></span> <span class='ocrx_word' id='word_1_215' title='bbox 967 2272 1040 2332; x_wconf 83' lang='lat' dir='ltr'><strong>sunt.</strong></span> <span class='ocrx_word' id='word_1_216' title='bbox 1077 2283 1114 2324; x_wconf 88' lang='lat' dir='ltr'><strong>ex</strong></span> 
     </span>
     <span class='ocr_line' id='line_1_26' title="bbox 73 2347 1115 2430; baseline -0.012 -13"><span class='ocrx_word' id='word_1_217' title='bbox 73 2354 154 2417; x_wconf 73' lang='lat' dir='ltr'><strong>mhis</strong></span> <span class='ocrx_word' id='word_1_218' title='bbox 171 2369 286 2413; x_wconf 86' lang='lat' dir='ltr'><strong>ramosa</strong></span> <span class='ocrx_word' id='word_1_219' title='bbox 302 2355 397 2427; x_wconf 85' lang='lat' dir='ltr'><strong>oioer,</strong></span> <span class='ocrx_word' id='word_1_220' title='bbox 422 2368 537 2427; x_wconf 84' lang='lat' dir='ltr'><strong>ersom,</strong></span> <span class='ocrx_word' id='word_1_221' title='bbox 559 2351 633 2410; x_wconf 67' lang='lat' dir='ltr'><strong>lensa</strong></span> <span class='ocrx_word' id='word_1_222' title='bbox 656 2349 833 2430; x_wconf 85' lang='lat' dir='ltr'><strong>quorundam</strong></span> <span class='ocrx_word' id='word_1_223' title='bbox 852 2347 952 2409; x_wconf 90' lang='lat' dir='ltr'><strong>oaules</strong></span> <span class='ocrx_word' id='word_1_224' title='bbox 973 2362 1115 2425; x_wconf 86' lang='lat' dir='ltr'><strong>spargun-</strong></span> 
     </span>
     <span class='ocr_line' id='line_1_27' title="bbox 107 2429 1113 2513; baseline -0.011 -16"><span class='ocrx_word' id='word_1_225' title='bbox 107 2447 154 2497; x_wconf 88' lang='lat' dir='ltr'><strong>tur</strong></span> <span class='ocrx_word' id='word_1_226' title='bbox 171 2438 200 2496; x_wconf 92' lang='lat' dir='ltr'><strong>in</strong></span> <span class='ocrx_word' id='word_1_227' title='bbox 216 2446 334 2513; x_wconf 89' lang='lat' dir='ltr'><strong>terram,</strong></span> <span class='ocrx_word' id='word_1_228' title='bbox 346 2437 372 2495; x_wconf 88' lang='lat' dir='ltr'><strong>si</strong></span> <span class='ocrx_word' id='word_1_229' title='bbox 389 2452 446 2495; x_wconf 92' lang='lat' dir='ltr'><strong>non</strong></span> <span class='ocrx_word' id='word_1_230' title='bbox 464 2435 588 2496; x_wconf 87' lang='lat' dir='ltr'><strong>habeant</strong></span> <span class='ocrx_word' id='word_1_231' title='bbox 609 2433 819 2510; x_wconf 89' lang='lat' dir='ltr'><strong>adminioulum,</strong></span> <span class='ocrx_word' id='word_1_232' title='bbox 834 2441 863 2492; x_wconf 89' lang='lat' dir='ltr'><strong>ut</strong></span> <span class='ocrx_word' id='word_1_233' title='bbox 876 2431 944 2510; x_wconf 83' lang='lat' dir='ltr'><strong>piei.</strong></span> <span class='ocrx_word' id='word_1_234' title='bbox 962 2429 1017 2492; x_wconf 78' lang='lat' dir='ltr'><strong>adi</strong></span> <span class='ocrx_word' id='word_1_235' title='bbox 1032 2446 1113 2488; x_wconf 91' lang='lat' dir='ltr'><strong>soan-</strong></span> 
     </span>
     <span class='ocr_line' id='line_1_28' title="bbox 108 2515 1113 2594; baseline -0.012 -12"><span class='ocrx_word' id='word_1_236' title='bbox 108 2522 178 2582; x_wconf 90' lang='lat' dir='ltr'><strong>dant</strong></span> <span class='ocrx_word' id='word_1_237' title='bbox 191 2521 246 2579; x_wconf 90' lang='lat' dir='ltr'><strong>nisi</strong></span> <span class='ocrx_word' id='word_1_238' title='bbox 261 2520 400 2594; x_wconf 87' lang='lat' dir='ltr'><strong>habuere,</strong></span> <span class='ocrx_word' id='word_1_239' title='bbox 417 2519 457 2559; x_wconf 81' lang='lat'><strong>**</strong></span> <span class='ocrx_word' id='word_1_240' title='bbox 481 2529 529 2580; x_wconf 88' lang='lat' dir='ltr'><strong>aut</strong></span> <span class='ocrx_word' id='word_1_241' title='bbox 544 2515 691 2579; x_wconf 87' lang='lat' dir='ltr'><strong>deteriora</strong></span> <span class='ocrx_word' id='word_1_242' title='bbox 705 2518 783 2578; x_wconf 90' lang='lat' dir='ltr'><strong>liunt.</strong></span> <span class='ocrx_word' id='word_1_243' title='bbox 813 2517 988 2594; x_wconf 74' lang='lat' dir='ltr'><strong>leguminum</strong></span> <span class='ocrx_word' id='word_1_244' title='bbox 999 2515 1113 2574; x_wconf 82' lang='lat' dir='ltr'><strong>unican-</strong></span> 
     </span>
     <span class='ocr_line' id='line_1_29' title="bbox 107 2597 1114 2681; baseline -0.011 -17"><span class='ocrx_word' id='word_1_245' title='bbox 107 2606 146 2664; x_wconf 93' lang='lat' dir='ltr'><strong>lis</strong></span> <span class='ocrx_word' id='word_1_246' title='bbox 161 2603 228 2664; x_wconf 84' lang='lat' dir='ltr'><strong>laba</strong></span> <span class='ocrx_word' id='word_1_247' title='bbox 246 2605 326 2681; x_wconf 92' lang='lat' dir='ltr'><strong>sola,</strong></span> <span class='ocrx_word' id='word_1_248' title='bbox 341 2621 414 2664; x_wconf 87' lang='lat' dir='ltr'><strong>nnus</strong></span> <span class='ocrx_word' id='word_1_249' title='bbox 429 2612 459 2662; x_wconf 90' lang='lat' dir='ltr'><strong>et</strong></span> <span class='ocrx_word' id='word_1_250' title='bbox 474 2602 596 2681; x_wconf 88' lang='lat' dir='ltr'><strong>lupinis,</strong></span> <span class='ocrx_word' id='word_1_251' title='bbox 612 2602 667 2662; x_wconf 88' lang='lat' dir='ltr'><strong>sed</strong></span> <span class='ocrx_word' id='word_1_252' title='bbox 682 2603 789 2662; x_wconf 80' lang='lat' dir='ltr'><strong>ceteris</strong></span> <span class='ocrx_word' id='word_1_253' title='bbox 810 2617 942 2660; x_wconf 89' lang='lat' dir='ltr'><strong>ramosus</strong></span> <span class='ocrx_word' id='word_1_254' title='bbox 965 2597 1114 2678; x_wconf 88' lang='lat' dir='ltr'><strong>praetenui</strong></span> 
     </span>
     <span class='ocr_line' id='line_1_30' title="bbox 109 2679 1252 2763; baseline -0.01 -17"><span class='ocrx_word' id='word_1_255' title='bbox 109 2687 239 2763; x_wconf 84' lang='lat' dir='ltr'><strong>surculo,</strong></span> <span class='ocrx_word' id='word_1_256' title='bbox 256 2687 389 2748; x_wconf 90' lang='lat' dir='ltr'><strong>omnihus</strong></span> <span class='ocrx_word' id='word_1_257' title='bbox 402 2703 474 2746; x_wconf 88' lang='lat' dir='ltr'><strong>vero</strong></span> <span class='ocrx_word' id='word_1_258' title='bbox 491 2686 647 2746; x_wconf 91' lang='lat' dir='ltr'><strong>llstulosus.</strong></span> <span class='ocrx_word' id='word_1_259' title='bbox 683 2683 795 2744; x_wconf 77' lang='lat' dir='ltr'><strong>Folium</strong></span> <span class='ocrx_word' id='word_1_260' title='bbox 811 2684 951 2763; x_wconf 88' lang='lat' dir='ltr'><strong>quaedam</strong></span> <span class='ocrx_word' id='word_1_261' title='bbox 964 2683 1000 2743; x_wconf 91' lang='lat' dir='ltr'><strong>ab</strong></span> <span class='ocrx_word' id='word_1_262' title='bbox 1014 2679 1157 2742; x_wconf 66' lang='lat' dir='ltr'><strong>radiosis</strong></span> <span class='ocrx_word' id='word_1_263' title='bbox 1251 2709 1252 2734; x_wconf 67' lang='grc'>;</span> 
     </span>
     <span class='ocr_line' id='line_1_31' title="bbox 74 2766 1251 2850; baseline -0.011 -17"><span class='ocrx_word' id='word_1_264' title='bbox 74 2772 234 2846; x_wconf 77' lang='lat' dir='ltr'><strong>admittunt,</strong></span> <span class='ocrx_word' id='word_1_265' title='bbox 252 2772 392 2850; x_wconf 88' lang='lat' dir='ltr'><strong>quaedam</strong></span> <span class='ocrx_word' id='word_1_266' title='bbox 408 2788 425 2830; x_wconf 94' lang='lat' dir='ltr'><strong>a</strong></span> <span class='ocrx_word' id='word_1_267' title='bbox 441 2770 598 2828; x_wconf 87' lang='lat' dir='ltr'><strong>oaoomine.</strong></span> <span class='ocrx_word' id='word_1_268' title='bbox 632 2768 803 2828; x_wconf 80' lang='lat' dir='ltr'><strong>frumentum</strong></span> <span class='ocrx_word' id='word_1_269' title='bbox 819 2775 848 2826; x_wconf 89' lang='lat' dir='ltr'><strong>et</strong></span> <span class='ocrx_word' id='word_1_270' title='bbox 868 2767 1006 2827; x_wconf 89' lang='lat' dir='ltr'><strong>hordeum</strong></span> <span class='ocrx_word' id='word_1_271' title='bbox 1026 2766 1113 2836; x_wconf 81' lang='lat' dir='ltr'><strong>rioia·</strong></span> <span class='ocrx_word' id='word_1_272' title='bbox 1161 2777 1163 2782; x_wconf 81' lang='grc'><strong>’</strong></span> <span class='ocrx_word' id='word_1_273' title='bbox 1250 2796 1251 2833; x_wconf 67' lang='lat'><strong>,</strong></span> 
     </span>
     <span class='ocr_line' id='line_1_32' title="bbox 110 2846 1250 2934; baseline -0.012 -17"><span class='ocrx_word' id='word_1_274' title='bbox 110 2865 168 2934; x_wconf 84' lang='lat' dir='ltr'><strong>que</strong></span> <span class='ocrx_word' id='word_1_275' title='bbox 185 2864 214 2915; x_wconf 90' lang='lat' dir='ltr'><strong>et</strong></span> <span class='ocrx_word' id='word_1_276' title='bbox 230 2855 368 2934; x_wconf 85' lang='lat' dir='ltr'><strong>quidquid</strong></span> <span class='ocrx_word' id='word_1_277' title='bbox 383 2856 410 2915; x_wconf 90' lang='lat' dir='ltr'><strong>in</strong></span> <span class='ocrx_word' id='word_1_278' title='bbox 431 2849 538 2931; x_wconf 84' lang='lat' dir='ltr'><strong>stipula</strong></span> <span class='ocrx_word' id='word_1_279' title='bbox 562 2853 654 2911; x_wconf 89' lang='lat' dir='ltr'><strong>estin</strong></span> <span class='ocrx_word' id='word_1_280' title='bbox 676 2854 824 2910; x_wconf 86' lang='lat' dir='ltr'><strong>oaoumine</strong></span> <span class='ocrx_word' id='word_1_281' title='bbox 845 2867 929 2909; x_wconf 89' lang='lat' dir='ltr'><strong>unam</strong></span> <span class='ocrx_word' id='word_1_282' title='bbox 949 2849 1047 2908; x_wconf 87' lang='lat' dir='ltr'><strong>lolium</strong></span> <span class='ocrx_word' id='word_1_283' title='bbox 1064 2846 1113 2905; x_wconf 92' lang='lat' dir='ltr'><strong>ha·</strong></span> <span class='ocrx_word' id='word_1_284' title='bbox 1248 2909 1250 2933; x_wconf 41' lang='lat'>4</span> 
     </span>
     <span class='ocr_line' id='line_1_33' title="bbox 108 2929 1113 3010; baseline -0.012 -12"><span class='ocrx_word' id='word_1_285' title='bbox 108 2933 161 2998; x_wconf 81' lang='lat' dir='ltr'><strong>he&#39;t</strong></span> <span class='ocrx_word' id='word_1_286' title='bbox 175 2971 215 2985; x_wconf 95' lang='lat'><em>-</em></span> <span class='ocrx_word' id='word_1_287' title='bbox 234 2939 287 2999; x_wconf 88' lang='lat' dir='ltr'><strong>sed</strong></span> <span class='ocrx_word' id='word_1_288' title='bbox 303 2937 413 2998; x_wconf 89' lang='lat' dir='ltr'><strong>hordeo</strong></span> <span class='ocrx_word' id='word_1_289' title='bbox 436 2935 541 2997; x_wconf 82' lang='lat' dir='ltr'><strong>scabra</strong></span> <span class='ocrx_word' id='word_1_290' title='bbox 558 2943 638 3009; x_wconf 88' lang='lat' dir='ltr'><strong>sunt,</strong></span> <span class='ocrx_word' id='word_1_291' title='bbox 654 2933 762 2994; x_wconf 77' lang='lat' dir='ltr'><strong>ceteris</strong></span> <span class='ocrx_word' id='word_1_292' title='bbox 778 2931 855 2992; x_wconf 79' lang='lat' dir='ltr'><strong>levia</strong></span> <span class='ocrx_word' id='word_1_293' title='bbox 870 2967 929 3010; x_wconf 92' lang='lat'><strong>-,</strong></span> <span class='ocrx_word' id='word_1_294' title='bbox 946 2929 1113 3007; x_wconf 85' lang='lat' dir='ltr'><strong>multiplioia</strong></span> 
     </span>
     <span class='ocr_line' id='line_1_34' title="bbox 110 2990 1249 3100; baseline -0.011 -17"><span class='ocrx_word' id='word_1_295' title='bbox 110 3032 212 3083; x_wconf 89' lang='lat' dir='ltr'><strong>oontra</strong></span> <span class='ocrx_word' id='word_1_296' title='bbox 241 3023 326 3099; x_wconf 83' lang='lat' dir='ltr'><strong>laha,</strong></span> <span class='ocrx_word' id='word_1_297' title='bbox 358 3023 452 3100; x_wconf 81' lang='lat' dir='ltr'><strong>oioer,</strong></span> <span class='ocrx_word' id='word_1_298' title='bbox 482 3021 585 3099; x_wconf 83' lang='lat' dir='ltr'><strong>pisum.</strong></span> <span class='ocrx_word' id='word_1_299' title='bbox 629 3015 789 3076; x_wconf 79' lang='lat' dir='ltr'><strong>Frumentis</strong></span> <span class='ocrx_word' id='word_1_300' title='bbox 817 3016 917 3076; x_wconf 86' lang='lat' dir='ltr'><strong>lolium</strong></span> <span class='ocrx_word' id='word_1_301' title='bbox 945 3012 1113 3074; x_wconf 85' lang='lat' dir='ltr'><strong>harundina-</strong></span> <span class='ocrx_word' id='word_1_302' title='bbox 1247 2990 1249 3035; x_wconf 75' lang='lat'><strong>¹</strong></span> 
     </span>
     <span class='ocr_line' id='line_1_35' title="bbox 111 3077 1248 3182; baseline -0.015 -14"><span class='ocrx_word' id='word_1_303' title='bbox 111 3125 213 3182; x_wconf 87' lang='lat' dir='ltr'><strong>oeum,</strong></span> <span class='ocrx_word' id='word_1_304' title='bbox 234 3107 321 3168; x_wconf 88' lang='lat' dir='ltr'><strong>lahae</strong></span> <span class='ocrx_word' id='word_1_305' title='bbox 341 3104 463 3165; x_wconf 89' lang='lat' dir='ltr'><strong>rotunda</strong></span> <span class='ocrx_word' id='word_1_306' title='bbox 481 3113 511 3163; x_wconf 90' lang='lat' dir='ltr'><strong>et</strong></span> <span class='ocrx_word' id='word_1_307' title='bbox 529 3117 648 3179; x_wconf 87' lang='lat' dir='ltr'><strong>magnae</strong></span> <span class='ocrx_word' id='word_1_308' title='bbox 670 3101 844 3178; x_wconf 82' lang='lat' dir='ltr'><strong>leguminum</strong></span> <span class='ocrx_word' id='word_1_309' title='bbox 865 3100 956 3178; x_wconf 86' lang='lat' dir='ltr'><strong>parti,</strong></span> <span class='ocrx_word' id='word_1_310' title='bbox 981 3095 1114 3172; x_wconf 88' lang='lat' dir='ltr'><strong>longiora</strong></span> <span class='ocrx_word' id='word_1_311' title='bbox 1162 3153 1170 3162; x_wconf 83' lang='grc'><strong><em>,</em></strong></span> <span class='ocrx_word' id='word_1_312' title='bbox 1246 3077 1248 3135; x_wconf 74' lang='lat' dir='ltr'><strong>l</strong></span> 
     </span>
     <span class='ocr_line' id='line_1_36' title="bbox 73 3147 1247 3280; baseline -0.017 -25"><span class='ocrx_word' id='word_1_313' title='bbox 73 3213 100 3255; x_wconf 83' lang='lat' dir='ltr'><strong>ss</strong></span> <span class='ocrx_word' id='word_1_314' title='bbox 112 3190 235 3250; x_wconf 84' lang='lat' dir='ltr'><strong>erviliae</strong></span> <span class='ocrx_word' id='word_1_315' title='bbox 250 3199 280 3250; x_wconf 93' lang='lat' dir='ltr'><strong>et</strong></span> <span class='ocrx_word' id='word_1_316' title='bbox 294 3191 372 3268; x_wconf 85' lang='lat' dir='ltr'><strong>piso,</strong></span> <span class='ocrx_word' id='word_1_317' title='bbox 390 3187 530 3266; x_wconf 86' lang='lat' dir='ltr'><strong>phasiolis</strong></span> <span class='ocrx_word' id='word_1_318' title='bbox 541 3200 661 3260; x_wconf 85' lang='lat' dir='ltr'><strong>venosa,</strong></span> <span class='ocrx_word' id='word_1_319' title='bbox 675 3185 798 3280; x_wconf 66' lang='lat' dir='ltr'><strong>sesimae</strong></span> <span class='ocrx_word' id='word_1_320' title='bbox 810 3192 839 3242; x_wconf 90' lang='lat' dir='ltr'><strong>et</strong></span> <span class='ocrx_word' id='word_1_321' title='bbox 850 3184 933 3242; x_wconf 91' lang='lat' dir='ltr'><strong>irioni</strong></span> <span class='ocrx_word' id='word_1_322' title='bbox 948 3180 1112 3256; x_wconf 87' lang='lat' dir='ltr'><strong>sanguinea.</strong></span> <span class='ocrx_word' id='word_1_323' title='bbox 1244 3147 1247 3235; x_wconf 81' lang='lat' dir='ltr'><strong>l</strong></span> 
     </span>
     <span class='ocr_line' id='line_1_37' title="bbox 111 3258 1246 3351; baseline -0.012 -16"><span class='ocrx_word' id='word_1_324' title='bbox 111 3273 225 3335; x_wconf 79' lang='lat' dir='ltr'><strong>Cadunt</strong></span> <span class='ocrx_word' id='word_1_325' title='bbox 243 3273 314 3333; x_wconf 84' lang='lat' dir='ltr'><strong>lolia</strong></span> <span class='ocrx_word' id='word_1_326' title='bbox 332 3273 431 3351; x_wconf 82' lang='lat' dir='ltr'><strong>lupino</strong></span> <span class='ocrx_word' id='word_1_327' title='bbox 449 3278 555 3330; x_wconf 87' lang='lat' dir='ltr'><strong>tantum</strong></span> <span class='ocrx_word' id='word_1_328' title='bbox 571 3277 600 3328; x_wconf 87' lang='lat' dir='ltr'><strong>et</strong></span> <span class='ocrx_word' id='word_1_329' title='bbox 612 3269 760 3347; x_wconf 85' lang='lat' dir='ltr'><strong>papaveri.</strong></span> <span class='ocrx_word' id='word_1_330' title='bbox 791 3265 1050 3343; x_wconf 84' lang='lat' dir='ltr'><strong>leguminadiutios</strong></span> <span class='ocrx_word' id='word_1_331' title='bbox 1063 3261 1157 3322; x_wconf 81' lang='grc' dir='ltr'>Ιο·59</span> <span class='ocrx_word' id='word_1_332' title='bbox 1243 3258 1246 3340; x_wconf 74' lang='lat' dir='ltr'><strong>l</strong></span> 
     </span>
     <span class='ocr_line' id='line_1_38' title="bbox 110 3347 1245 3436; baseline -0.013 -18"><span class='ocrx_word' id='word_1_333' title='bbox 110 3368 192 3436; x_wconf 77' lang='lat' dir='ltr'><strong>rent,</strong></span> <span class='ocrx_word' id='word_1_334' title='bbox 217 3366 248 3416; x_wconf 92' lang='lat' dir='ltr'><strong>et</strong></span> <span class='ocrx_word' id='word_1_335' title='bbox 264 3374 303 3416; x_wconf 89' lang='lat' dir='ltr'><strong>ex</strong></span> <span class='ocrx_word' id='word_1_336' title='bbox 318 3355 362 3415; x_wconf 92' lang='lat' dir='ltr'><strong>his</strong></span> <span class='ocrx_word' id='word_1_337' title='bbox 380 3371 479 3416; x_wconf 86' lang='lat' dir='ltr'><strong>ervom</strong></span> <span class='ocrx_word' id='word_1_338' title='bbox 495 3369 529 3413; x_wconf 89' lang='lat' dir='ltr'><strong>ao</strong></span> <span class='ocrx_word' id='word_1_339' title='bbox 545 3354 636 3426; x_wconf 89' lang='lat' dir='ltr'><strong>oioer,</strong></span> <span class='ocrx_word' id='word_1_340' title='bbox 655 3351 707 3411; x_wconf 88' lang='lat' dir='ltr'><strong>sed</strong></span> <span class='ocrx_word' id='word_1_341' title='bbox 722 3351 880 3411; x_wconf 88' lang='lat' dir='ltr'><strong>diutissime</strong></span> <span class='ocrx_word' id='word_1_342' title='bbox 901 3348 967 3410; x_wconf 87' lang='lat' dir='ltr'><strong>laha</strong></span> <span class='ocrx_word' id='word_1_343' title='bbox 987 3361 1032 3408; x_wconf 79' lang='lat' dir='ltr'><strong>xL</strong></span> <span class='ocrx_word' id='word_1_344' title='bbox 1055 3347 1114 3408; x_wconf 88' lang='lat' dir='ltr'><strong>die·</strong></span> <span class='ocrx_word' id='word_1_345' title='bbox 1244 3361 1245 3366; x_wconf 50' lang='lat'>¹</span> 
     </span>
     <span class='ocr_line' id='line_1_39' title="bbox 109 3373 1245 3537; baseline -0.014 -36"><span class='ocrx_word' id='word_1_346' title='bbox 109 3441 182 3518; x_wconf 90' lang='lat' dir='ltr'><strong>hus,</strong></span> <span class='ocrx_word' id='word_1_347' title='bbox 204 3457 261 3500; x_wconf 91' lang='lat' dir='ltr'><strong>non</strong></span> <span class='ocrx_word' id='word_1_348' title='bbox 276 3445 371 3499; x_wconf 88' lang='lat' dir='ltr'><strong>autem</strong></span> <span class='ocrx_word' id='word_1_349' title='bbox 385 3437 491 3514; x_wconf 89' lang='lat' dir='ltr'><strong>singuli</strong></span> <span class='ocrx_word' id='word_1_350' title='bbox 507 3437 588 3514; x_wconf 87' lang='lat' dir='ltr'><strong>soapi</strong></span> <span class='ocrx_word' id='word_1_351' title='bbox 603 3434 724 3510; x_wconf 89' lang='lat' dir='ltr'><strong>tamdiu,</strong></span> <span class='ocrx_word' id='word_1_352' title='bbox 747 3435 877 3512; x_wconf 87' lang='lat' dir='ltr'><strong>quoniam</strong></span> <span class='ocrx_word' id='word_1_353' title='bbox 894 3435 950 3494; x_wconf 91' lang='lat' dir='ltr'><strong>alio</strong></span> <span class='ocrx_word' id='word_1_354' title='bbox 966 3433 1115 3494; x_wconf 88' lang='lat' dir='ltr'><strong>desinente</strong></span> <span class='ocrx_word' id='word_1_355' title='bbox 1241 3373 1245 3537; x_wconf 63' lang='grc' dir='ltr'>Ι</span> 
     </span>
    </p>
   </div>
   <div class='ocr_carea' id='block_1_3' title="bbox 0 0 1272 3866">
    <p class='ocr_par' dir='ltr' id='par_1_3' title="bbox 0 0 1272 3866">
     <span class='ocr_line' id='line_1_40' title="bbox 0 0 1272 3866; baseline 0 3"><span class='ocrx_word' id='word_1_356' title='bbox 0 0 1272 3866; x_wconf 95' lang='lat' dir='ltr'><strong> </strong></span> 
     </span>
    </p>
   </div>
  </div>
 </body>
</html>
