2534 3866
164 169 204 230 46
503 178 533 226 c.
549 178 645 226 surm
663 171 810 227 sacunnr

165 335 253 410 nisse,
267 334 436 410 clarissimo,
444 341 475 394 ut
487 333 618 411 equidem
631 331 763 408 arbitror,
776 331 910 408 exemplo
918 330 948 394 L.
960 327 1149 410 Graeciaeque

138 416 218 480 acu.
237 418 340 478 Domiti
363 416 559 478 Ahenobarbi.
595 413 719 475 Crassus
740 423 837 474 orator
859 414 911 474 luit
932 415 1077 492 inprimis
1099 433 1149 475 no-

165 503 246 562 minis
263 501 392 560 Romani.
424 500 524 561 domus
540 500 567 559 ei
581 499 746 575 magnilica,
767 498 819 557 sed
837 499 981 577 aliquanto
1003 507 1151 577 praestan·

164 587 260 645 tiorin
282 585 384 645 eodem
398 583 507 644 Palatio
527 581 561 654 Q.
579 581 672 641 Catali
702 583 750 659 qui
765 578 898 642 Cimbros
923 600 985 642 cunr
1011 579 1043 641 C.
1060 579 1151 642 llario
1220 597 1222 614 ·

165 668 246 743 radit,
263 669 352 728 multo
366 685 437 727 vero
452 666 642 746 pulcherrima
658 681 800 724 consensu
815 667 936 729 omnium
949 674 1045 726 aetate
1068 683 1102 726 ea
1122 667 1174 725 ino

166 753 243 814 colle
260 752 394 826 viminali
410 749 442 810 C.
458 748 556 827 Aquili
577 749 680 826 equitis
703 747 825 808 Romani
844 749 974 809 clarioris
998 749 1047 809 illa
1067 751 1153 810 otiam

167 855 251 914 quam
266 837 335 896 iuris
348 829 439 895 civilis
451 833 661 907 salentiacum
673 840 767 892 tamen
776 832 896 892 obiecta
906 831 1013 893 Crasso
1029 851 1080 894 sua
1096 843 1152 894 est.

139 920 405 981 tuobilissimarurn
416 917 541 994 gentium
556 915 651 991 ambo,
670 914 793 977 Crassus
807 927 894 997 atque
910 915 1068 993 Domitius,
1086 933 1154 977 oen·

168 1021 262 1066 auram
283 999 534 1081 postconsulatus
560 999 643 1060 simul
665 1013 788 1078 gessere
814 1015 888 1062 anno
918 1000 1050 1062 conditae
1073 1000 1154 1062 urbis

166 1099 297 1148 nonnum.
312 1085 491 1162 frequentem
511 1084 611 1161 iurgiis
626 1084 1015 1164 propterdissimilitudinem
1030 1100 1150 1144 morum.
1163 1109 1187 1150 rc

167 1181 224 1230 tum
236 1166 288 1232 Cn.
300 1167 451 1244 Domitius,
467 1176 497 1226 ut
515 1177 577 1228 erat
590 1167 746 1228 vehemens
759 1178 869 1244 natura,
885 1177 1037 1247 practerea
1048 1186 1154 1229 accen·

168 1271 216 1312 rus
231 1251 313 1326 odio,
339 1251 468 1328 quodex
482 1251 672 1314 aemulatione
685 1251 877 1312 avidissimum
893 1260 952 1326 est,
970 1254 1097 1329 graviter
1111 1254 1154 1312 in·

168 1336 279 1413 crepuit
293 1336 363 1394 tanti
375 1350 526 1394 censorem
537 1334 676 1411 habitare,
697 1335 747 1402 iss.
759 1351 812 1416 pro
826 1335 910 1396 domo
924 1336 985 1396 eius
999 1332 1155 1397 identidem

140 1419 353 1499 epromittens,
374 1427 404 1477 et
418 1417 554 1494 Crassus,
578 1427 608 1478 nt
621 1420 893 1498 praesens'ingenio
912 1422 1044 1498 semper,
1066 1429 1097 1480 ut
1112 1421 1154 1482 ia·

138 1521 144 1530 ⁴
169 1512 234 1562 ceto
253 1501 355 1580 lepore
371 1501 494 1578 sollcrs,
519 1501 653 1562 addicere
675 1521 707 1562 se
725 1503 875 1582 respondit
890 1505 1022 1583 exceptis
1039 1521 1091 1563 serr
1108 1517 1187 1564 ar·rs

167 1581 298 1646 boribus.
327 1604 361 1646 ac
375 1604 412 1645 ne
426 1601 481 1646 uno
492 1586 611 1666 -quidem
626 1585 754 1663 denario,
769 1588 794 1648 si
809 1586 1014 1664 adimerentur,
1029 1597 1154 1666 emptam

168 1671 286 1731 volente
303 1670 444 1746 Domitio,
467 1668 605 1733 Crassus:
626 1679 753 1730 utrumne
778 1671 863 1748 igitur
880 1689 939 1749 ego
952 1689 1028 1748 sum,
1052 1673 1154 1750 inquit,
1192 1735 1196 1742 ,

170 1771 290 1834 quaeso,
305 1754 422 1830 Domiti,
436 1753 578 1832 exemplo
595 1755 692 1830 grauis
709 1763 738 1814 et
753 1754 788 1814 ab
807 1757 871 1834 ipsa'
884 1770 1086 1816 meaccnsura
1102 1773 1154 1814 no·

169 1839 271 1898 tandum
291 1840 338 1922 qui
361 1837 444 1896 domo
466 1854 539 1915 quae
562 1837 628 1897 milri
650 1837 809 1898 hereditate
830 1839 946 1899 obvenit
966 1840 1086 1898 comiter
1104 1838 1155 1899 ira·

139 1923 268 1996 5bitcm,
291 1939 326 1980 an
342 1929 371 1979 tu
388 1921 434 1998 qui
449 1939 503 1980 ser
517 1919 638 1980 arbores
654 1923 789 1983 aestimes
804 1921 875 1990 issi
904 1933 958 1983 eae
972 1923 1055 1982 luere
1071 1923 1153 1984 lotoe
1163 1935 1188 1980 ao

170 2004 266 2083 patula
280 2021 419 2063 ramorum
443 2004 586 2081 opacitate
601 2003 744 2082 lascivae,
767 2005 891 2068 Caecina
909 2004 1001 2083 bargo
1018 2025 1035 2066 e
1050 2022 1155 2084 proce·

171 2087 248 2147 ribus
261 2087 364 2146 crebro
376 2087 489 2148 iuventa
501 2097 599 2149 nostra
615 2107 665 2149 eas
683 2090 712 2149 in
726 2088 810 2151 domo
823 2101 874 2150 sna'
885 2097 1058 2166 ostentante,
1071 2089 1156 2150 dura·

104 2233 114 2244 ,
129 2170 213 2256 „2234
227 2179 401 2250 veruntque,
424 2173 556 2250 quoniam
571 2181 599 2231 et
614 2173 650 2232 de
665 2172 832 2250 longissimo
847 2189 920 2234 aero
931 2171 1064 2231 arborum
1081 2172 1156 2233 dixi·

171 2271 248 2331 mus,
270 2255 304 2315 ad
319 2253 442 2315 Neronis
458 2256 593 2333 principis
615 2257 744 2315 incendia
764 2255 865 2333 quibus
889 2255 1026 2314 cremavit
1041 2254 1156 2332 urbem,

119 2415 121 2421 γ
172 2339 251 2398 annis
272 2349 387 2399 cnxxx
408 2347 510 2417 postea
531 2339 607 2397 cultu
627 2337 734 2396 virides
748 2338 943 2417 iuuenesque,
967 2339 996 2398 ni
1017 2338 1189 2418 princepsa

144 2433 161 2487 6
173 2422 222 2482 ille
234 2420 428 2481 accelerasset
437 2422 521 2480 etiarn
533 2419 666 2478 arborum
678 2429 807 2482 mortem.
837 2439 872 2482 ac
888 2439 925 2481 ne
937 2422 999 2501 quis
1017 2422 1101 2482 rilem
1118 2424 1157 2484 de

173 2513 272 2565 cetero
290 2501 386 2563 Crassi
404 2503 513 2563 domun
529 2502 656 2581 nihilque
671 2504 699 2568 is
719 2523 754 2564 ca
769 2503 1041 2584 iurgaate‘Domitio
1064 2505 1157 2566 fuisse

174 2586 322 2648 dicendum
335 2594 449 2663 praeter
461 2586 581 2646 arbores
590 2586 707 2662 iudicet,
724 2587 777 2648 iarn
793 2589 937 2650 columnas
954 2589 1156 2666 quattuorssy-

173 2671 261 2729 mettii
287 2670 433 2730 marmoris
461 2669 613 2730 aedilitatis
632 2673 722 2747 gratia
747 2672 782 2733 ad
804 2690 918 2734 scenam
937 2674 1090 2733 ornandam
1105 2673 1156 2733 ad·
1192 2673 1196 2678 ’

173 2763 273 2814 vectas
288 2754 315 2812 in
330 2754 400 2814 atrio
417 2755 477 2812 eins
498 2753 599 2814 domus
614 2762 762 2832 statuerat,
779 2774 841 2816 cum
856 2757 884 2815 in
898 2754 1015 2834 publico
1032 2756 1156 2816 nondum
1166 2777 1191 2819 ao

175 2845 274 2896 essent
289 2836 365 2896 ullae
379 2854 564 2898 marmoreae.
594 2846 650 2900 tarn
666 2857 770 2898 recens
785 2847 830 2897 est
844 2838 1001 2917 opulentia,
1019 2848 1157 2917 tantoque

174 2931 241 2980 tnnc
252 2921 316 2998 plus
331 2920 448 2979 honoris
458 2919 577 2981 arbores
590 2921 720 2982 domibus
734 2921 912 2998 adferebant,
927 2931 958 2982 ut
973 2925 1033 2982 aine
1048 2922 1104 2982 illis
1118 2941 1157 2981 ne

148 3005 378 3068 tinimicitiarnm
394 3003 508 3080 quidem
526 3005 645 3082 pretium
660 3005 819 3065 removerit
830 3005 980 3066 Domitius.
1009 3005 1103 3065 linere
1119 3004 1157 3064 ab

178 3089 259 3147 iis'et
276 3089 444 3164 cognomina
460 3088 596 3164 antiquis:
621 3087 768 3149 Fronditio
788 3089 867 3149 militi
888 3089 929 3148 illi
944 3089 991 3165 qui
1005 3089 1157 3167 praeclara

176 3171 303 3238 facinora
331 3160 499 3230 Volturnum
530 3179 708 3230 transnatans
734 3171 836 3232 irondc
863 3173 947 3249 capiti
966 3173 1089 3251 inposita
1107 3171 1193 3235 adas

178 3272 279 3312 versus
297 3253 481 3314 Hannibalem
495 3253 601 3331 edidit,
623 3255 774 3323 ¹Stolounrn
792 3255 915 3315 Liciniae
938 3257 1025 3333 genti.
1052 3256 1091 3316 ita
1105 3271 1156 3332 ap·

178 3333 301 3416 pellatur
316 3339 344 3396 in
358 3337 429 3416 ipsis
440 3336 590 3398 arboribus
601 3338 743 3399 fruticatio
755 3337 870 3414 inutilis,
886 3339 961 3399 uode
973 3347 1002 3398 et
1012 3337 1158 3417 pampina-

181 3421 221 3482 tio
237 3420 348 3480 inuenta
365 3422 455 3500 primo
469 3419 582 3482 Stoloni
592 3421 671 3484 dedit
688 3435 799 3486 nornen.
832 3421 886 3482 luit
897 3432 926 3482 et
943 3421 1074 3482 arborum
1090 3412 1161 3490 cisra

86 805 95 836 i
