2512 3858
329 237 596 288 summanum
614 225 828 304 mss-(a—u.)
1068 229 1087 287 5

92 393 299 474 pronuntiatur.
332 391 399 452 inde
418 399 513 451 natum
527 393 557 450 ut
578 391 663 450 etiam
684 389 895 468 triumphaturis
919 392 1086 456 oonierren·
1177 403 1179 410 ’

92 488 139 538 tur
155 479 184 536 in
199 476 315 554 templis
331 475 487 550 dicandae,
510 490 578 534 mox
599 481 641 532 ut
651 481 680 532 et
699 471 773 533 ludis
790 473 932 534 darentur.
971 476 1095 555 longum

94 570 140 622 est
157 578 213 620 neo
228 559 347 619 instituti
369 559 468 646 operis
489 557 635 618 disserere
656 557 721 634 quis
738 573 880 634 quamque
896 557 1087 622 Romanorum

93 645 202 724 primus
220 643 379 721 aeceperit.
411 642 597 720 nequeenim
612 641 684 700 alias
698 649 838 700 noverant
853 659 936 719 quam
952 642 1085 718 bellicas,

68 729 172 807 equod
188 736 297 787 eertum
314 734 368 786 est.
401 727 448 784 uni
464 726 591 802 gentium
605 723 672 784 huie
689 723 771 802 plura
794 733 859 784 sunt
880 742 990 800 genera
1005 744 1086 804 quam

94 813 216 872 eunetis.

157 895 222 972 (5.)
273 893 423 954 Romulus·
438 891 560 953 frondea
587 891 738 952 eoronavit
767 889 887 952 liostum
917 889 1079 968 Hostilium,
1096 905 1128 958 11

94 977 171 1057 qnod
186 977 322 1038 Fidenam
337 978 445 1055 primus
457 977 623 1054 inrupisset.
649 992 721 1035 avos
737 974 784 1034 hie
799 973 874 1035 'lulli
889 975 993 1036 Hostili
1008 977 1087 1052 regis

92 1064 155 1122 luit
179 1061 229 1121 Ῥ.
250 1061 371 1136 Decium
396 1067 509 1138 patrem
528 1057 672 1120 tribunum
691 1058 809 1118 militium
830 1058 950 1126 frondea
972 1060 1088 1121 donavit

59 1165 83 1206 ro
94 1147 241 1206 exereitus
265 1144 300 1204 ah
325 1159 361 1202 eo
386 1152 518 1203 servatus
538 1143 715 1220 imperatore
736 1139 873 1204 Cornelio
900 1141 994 1204 Cosso
1019 1161 1086 1202 oon

92 1229 157 1289 sule
173 1229 338 1288 Samnitium
353 1226 444 1286 hello.
473 1224 572 1286 Giuiea
586 1226 673 1303 iligna
690 1225 781 1305 primo
797 1225 859 1302 luit,
879 1237 982 1306 postea
995 1229 1086 1304 magis

91 1313 214 1392 plaeuit
215 1329 252 1370 ex
266 1311 385 1370 aesuulo
400 1309 462 1370 lovi
478 1327 571 1386 saera,
586 1311 782 1388 variatumque
796 1304 825 1370 et
838 1328 901 1370 eum
913 1329 1023 1390 quercu
1042 1321 1087 1370 est

91 1414 126 1456 ao
142 1395 207 1458 data
223 1393 329 1473 ubique
346 1411 420 1473 quae
434 1393 529 1453 luerat
546 1393 689 1454 eustodito
705 1403 811 1454 tantum
822 1393 942 1454 honore
961 1395 1084 1472 glandis.

93 1478 217 1538 Additae
228 1477 311 1554 leg'es
325 1487 405 1538 artae
422 1487 450 1538 et
464 1477 531 1536 ideo
546 1476 690 1556 superbae
703 1495 831 1556 quasque
845 1478 979 1538 eon-ierne
995 1478 1084 1538 libeat
1096 1489 1128 1540 12

60 1580 83 1619 ιι
93 1579 157 1622 enm
175 1561 227 1620 illa
243 1560 418 1622 Graecorum
435 1577 542 1621 summa
559 1578 634 1638 quae
649 1560 725 1620 snb
716 1577 787 1638 rpso
797 1560 868 1626 lore
883 1562 966 1620 datur
981 1563 1086 1642 cuique

10 1661 11 1664 ’
92 1645 296 1722 murospatria
310 1645 440 1722 gaudens
456 1646 577 1723 rumpit:
610 1645 702 1703 eivern
717 1661 852 1718 servare,
877 1643 991 1706 hostem
1005 1649 1084 1714 neei-

91 1729 180 1803 dere,
206 1736 237 1787 ut
262 1745 298 1786 ne
323 1745 388 1788 enm
407 1728 503 1788 loeurn
518 1729 546 1786 in
560 1743 617 1806 quo
634 1727 670 1786 sit
685 1735 779 1787 aetum
793 1725 886 1789 hostis
903 1731 1033 1807 optineat
1048 1749 1085 1791 eo

91 1813 150 1888 die,
160 1820 190 1870 nt
199 1819 329 1871 servatus
340 1811 463 1872 fateatur
473 1845 515 1855 -
530 1811 601 1872 alias
613 1819 705 1872 testes
718 1809 789 1871 nihil
804 1819 924 1890 prosunt
937 1845 988 1887 -,
1001 1822 1031 1871 ut
1045 1815 1083 1872 ei-

90 1897 135 1954 vis
151 1894 249 1954 luerit.
279 1895 383 1954 auxilia
400 1896 609 1974 quamuisrege
619 1895 832 1956 servatodeeus
847 1913 903 1956 uon
918 1896 1000 1972 dant,
1026 1913 1081 1956 neu
1095 1907 1127 1960 13
1166 1915 1168 1920 ’

57 1979 201 2038 tuoresoit
216 1977 308 2038 honos
324 1978 400 2038 idem
414 1979 589 2055 imperatore
606 1987 789 2054 conseruato,
805 1981 937 2058 qnoniam
955 1978 1084 2047 eondito-

10 2059 11 2094 ἶ
90 2079 139 2121 ιιι
155 2063 185 2119 in
200 2077 381 2140 quonamque
393 2061 486 2119 civem
496 2077 632 2121 summurn
645 2079 712 2120 esse
724 2061 856 2122 voluere.
881 2072 1004 2142 aooepta
1015 2063 1085 2124 lieet

89 2146 130 2204 uti
146 2153 301 2222 perpetuo.
344 2143 428 2204 ludos
443 2144 550 2204 ineunti
566 2161 683 2221 semper
697 2144 814 2222 adsurgi
829 2148 914 2207 etiarn
929 2145 965 2206 ab
983 2156 1083 2206 senatu

90 2230 119 2286 iu
134 2244 218 2286 more
233 2237 287 2286 est.
318 2225 439 2286 sedendi
456 2228 499 2286 ius
516 2227 545 2285 in
560 2243 700 2304 proxumo
714 2229 836 2287 senatui.
862 2230 975 2288 vaoatio
987 2247 1083 2288 mune·

89 2329 152 2372 rum
166 2312 288 2370 omnium
304 2311 360 2388 ipsi
373 2311 527 2388 patrique
519 2318 548 2370 et
561 2327 615 2370 avo
628 2318 758 2388 paterno.
785 2309 1019 2383 Quattuordeeim
1035 2330 1084 2372 eas
1093 2323 1125 2375 14

59 2395 207 2472 ιιιιοιρίι
241 2394 370 2491 Siooips
384 2392 540 2470 Dentatus,
571 2402 601 2454 nt
626 2394 774 2454 retulinus
802 2411 855 2454 sno
878 2393 962 2470 loeo,
993 2412 1048 2454 sex
1069 2419 1125 2460 aaa

91 2461 326 2556 Capitolinus‚‘
317 2495 342 2536 rs
358 2476 473 2554 quiden
496 2485 536 2536 et
542 2477 577 2537 de
602 2478 675 2539 duee
698 2478 833 2538 Servilio.
878 2477 1031 2540 hlrioanus
1045 2479 1102 2539 de.

89 2571 174 2640 patre
189 2559 325 2638 auolpere
341 2559 432 2620 noluit
446 2559 520 2637 apud
536 2559 678 2620 Trebiam.
721 2579 738 2621 o
757 2578 854 2622 mores
877 2571 1013 2634 aeternos
1036 2563 1084 2642 qui

89 2653 169 2704 tauta
184 2660 275 2722 opera
289 2642 398 2703 honore
415 2643 480 2704 solo
496 2643 664 2704 donaverint
681 2653 721 2721 et,
737 2663 801 2706 oum
815 2646 943 2725 reliquas
959 2663 1083 2708 eorouas

90 2743 162 2788 auro
180 2725 428 2806 commendarent,
452 2725 573 2786 salutem
594 2727 665 2786 uiuis
686 2727 714 2784 in
735 2729 830 2805 pretio
845 2747 912 2789 esse
927 2729 1082 2803 noluerint,
1113 2743 1115 2750 ’
1163 2725 1167 2733 “

56 2811 173 2872 auelare
197 2808 325 2888 professi
351 2827 387 2869 ue
412 2809 662 2886 servari-quidem
682 2807 827 2870 hominem
852 2811 896 2872 las
922 2831 990 2872 esse
1010 2813 1082 2873 lueri
1195 2817 1204 2830 ⁸

91 2892 196 2954 eausa!

153 2975 185 3038 5.
216 2974 279 3054 (6.)
323 2972 432 3035 Glande
455 2991 528 3052 opes
555 2991 630 3034 nuno
650 2987 765 3054 quoque
786 2977 934 3036 multarum
955 2976 1081 3054 gentium
1091 2987 1123 3039 15
1208 2985 1211 2992 '
1245 2953 1246 2960 ἵ

91 3058 179 3118 etiarn
193 3076 269 3136 paee
286 3057 468 3134 gaudentium
483 3065 622 3118 constant.
662 3076 718 3119 neo
730 3075 787 3118 non
802 3069 832 3120 et
851 3060 947 3137 inopia
967 3060 1080 3134 frugum

90 3141 229 3202 arefactis
243 3141 357 3202 molitur
372 3140 463 3200 farina
478 3142 676 3220 spissaturque
695 3145 722 3202 in
738 3144 820 3221 panis
835 3160 924 3202 usum.
963 3143 1030 3221 quin
1052 3151 1081 3202 et

55 3243 80 3284 ιι
92 3223 239 3322 hodieque
257 3241 310 3302 per
324 3223 475 3301 Hispanias
486 3222 623 3284 secundis
634 3227 740 3286 mensis
756 3225 839 3304 glans
854 3225 996 3286 inseritur.
1020 3226 1080 3287 dul·

91 3309 157 3368 eior
174 3307 298 3370 eadem
290 3324 319 3365 ιιι
334 3308 432 3366 uiuere
445 3313 529 3366 tosta
568 3315 679 3368 nautum
704 3319 749 3370 est
772 3313 925 3389 praeterea
943 3309 1010 3387 lege
1027 3308 1082 3370 Xll

90 3390 254 3452 tabularum
269 3398 299 3450 ut
315 3388 472 3466 glandem
464 3407 492 3448 ιιι
507 3390 629 3453 alienum
643 3391 759 3453 lundnm
770 3392 966 3470 procidentem
977 3394 1081 3454 liceret

92 3473 249 3552 colligere.
268 3472 381 3534 Genera
397 3490 494 3536 earum
507 3475 602 3537 multa.
630 3475 733 3536 distant
743 3475 847 3552 fruetu,
859 3477 924 3553 situ,
937 3493 1018 3553 sexu,
1035 3492 1079 3534 sa·
1068 3483 1122 3537 -16
