2552 3866
180 162 239 226 190
534 173 564 222 c.
580 174 839 224 rmuraucuum

137 351 171 406 13
241 335 270 395 3.
289 331 351 413 (7.)
376 329 530 392 cucurbita
546 347 661 408 quoque
675 329 817 391 silvestris
835 330 991 408 invenitur,
1013 323 1143 413 σομφὸς
1158 355 1174 398 a

142 412 147 420 “
180 417 298 480 Graecis
314 415 476 496 appellata,
498 415 604 489 innuis,
626 413 700 474 uude
723 421 752 473 ct
768 431 889 492 nomen,
911 414 1020 494 digitali
1038 413 1173 481 crassitu-

179 503 261 578 dine,
276 517 333 560 nou
344 501 398 560 nisi
409 501 437 557 in
448 500 562 558 saxosis
571 515 704 558 nascens.
733 497 815 557 huius
830 501 1073 562 conmanducatae
1085 521 1172 564 sucus

179 585 329 647 stomacho
345 583 495 645 admodum
510 581 639 661 prodest.
971 651 974 660 ,

136 682 170 737 14
239 667 302 750 (8.)
333 665 519 742 Colccynthis
546 673 667 723 vocatur
688 665 760 742 alia,
785 668 849 744 ipsa
872 665 973 745 plena,
1003 667 1055 728 sed
1081 671 1196 733 miuors

179 772 263 834 quam
279 755 379 813 sativa.
410 752 506 811 utilior
519 747 625 827 pallida
640 764 723 824 quam
736 749 891 810 herbacea.
925 751 1054 812 arefacta
1070 770 1124 831 per
1140 773 1173 818 se

177 841 265 900 inanit
287 837 392 898 alvom.
422 834 515 894 infusa
534 848 650 910 quoque
669 831 845 905 clysteribus
862 833 1064 895 intestinorum
1084 839 1173 897 omni·

178 923 232 982 bus
247 922 323 981 uitiis
337 918 466 979 medetur
483 926 511 976 et
528 917 636 975 renium
650 925 679 974 et
693 915 852 976 lumborum
868 926 898 976 et
909 917 1045 996 paralysi.
1076 923 1172 981 eiecto

179 1007 287 1066 semine
305 1020 379 1082 aqua
398 1001 490 1059 mulsa
510 1001 539 1058 in
560 1017 596 1060 eo
618 1002 790 1080 decoquitur
808 1001 847 1062 'ad
864 1001 1011 1078 dimidias,
1034 1004 1077 1062 sic
1092 1006 1172 1066 tutisr

136 1103 169 1156 15
179 1091 251 1151 simo
270 1084 450 1148 intunduntur
468 1083 548 1143 oboli
570 1094 713 1164 quattuor.
744 1086 866 1165 prodest
883 1095 912 1146 et
931 1087 1084 1147 stomacho
1106 1088 1209 1148 fari-1⁰

179 1191 232 1232 nae
254 1170 350 1230 aridae
367 1165 464 1245 pilulis
481 1185 544 1228 cunr
562 1168 684 1230 decocto
701 1170 788 1230 melle
805 1172 935 1249 sumptis.
964 1173 993 1229 in
1009 1171 1111 1230 morbo
1125 1191 1173 1232 re-

175 1258 226 1334 gio
242 1252 349 1312 semina
364 1251 426 1309 eius
439 1264 491 1311 v11
503 1261 650 1311 sumuntur
666 1262 695 1312 et
710 1255 839 1330 protinus
852 1271 925 1330 aqua
939 1254 1040 1314 mulsa.
1069 1265 1175 1315 carnes

179 1340 240 1399 eius
263 1353 325 1396 cum
346 1333 487 1394 absinthio
510 1343 539 1393 et
562 1334 623 1392 sale
646 1335 770 1394 dentium
791 1334 921 1394 dolorem
940 1336 1061 1412 tollunt,
1084 1339 1175 1398 sucus

176 1437 247 1481 vero
265 1437 328 1479 cum
340 1425 424 1478 aceto
437 1416 596 1476 calefactus
611 1415 726 1475 mobilis
742 1418 822 1477 sistit.
853 1419 922 1476 item
939 1419 1039 1494 spinae
1055 1429 1084 1479 et
1101 1421 1173 1478 lurn-

163 1505 277 1565 bcrnm
293 1522 328 1563 ac
343 1502 531 1562 coxendicum
547 1499 680 1575 dolores,
696 1517 759 1560 curn
777 1499 844 1559 oleo
860 1501 884 1560 si
898 1500 1056 1564 infricetur.
1086 1520 1209 1580 prae-1³

177 1598 277 1665 terea,
294 1589 393 1646 mirum
410 1586 502 1660 dictu,
518 1585 627 1645 semina
643 1585 704 1643 eius
718 1586 743 1642 si
759 1584 864 1664 fuerint
879 1587 941 1663 pari
957 1603 1077 1646 numero
1092 1587 1172 1647 adal-

137 1686 170 1742 16
178 1673 267 1752 ligata
279 1671 313 1714 **
325 1669 455 1731 febribus
466 1669 596 1728 dicuntur
607 1686 677 1747 quas
692 1666 795 1728 Graeci
806 1668 971 1746 periodicas
985 1679 1101 1730 vocant.
1119 1671 1172 1731 Sa·

178 1760 256 1818 tivae
273 1774 389 1835 quoque
410 1771 494 1814 rasae
511 1771 598 1813 sucus
618 1752 780 1830 tepefactus
799 1752 913 1812 auribus
928 1753 1077 1830 medetur,
1102 1772 1171 1814 carc

180 1843 242 1902 eius
265 1842 383 1900 interior
406 1840 468 1898 sine
490 1838 597 1897 semine
619 1837 708 1896 clavis
733 1836 838 1914 pedum
864 1846 892 1895 et
917 1837 1171 1915 suppurationibus

180 1943 253 2005 quae
275 1922 378 1983 Graeci
398 1929 503 1980 vocant
525 1911 747 1999 ἀποστήματα.
778 1920 919 1980 decoctae
942 1930 1036 1981 autern
1057 1923 1211 1982 univer-ac

179 2025 228 2067 sae
252 2023 337 2065 sucus
360 2004 483 2065 dentium
501 2013 598 2065 motus
616 2003 723 2064 stabilit
743 2013 773 2064 et
791 2004 910 2064 dolores
930 2004 1053 2082 inhibet,
1075 2007 1172 2066 uinum

178 2107 242 2149 curn
259 2106 293 2150 ea
309 2089 497 2150 fervefactum
512 2089 661 2148 oculorum
678 2089 763 2148 etiam
777 2088 911 2167 impetus.
938 2089 1008 2150 folia
1028 2091 1090 2150 eius
1107 2108 1171 2150 cum

176 2174 344 2234 recentibus
368 2173 499 2252 cupressi
518 2182 656 2232 contunsa
679 2181 707 2231 et
727 2173 866 2251 inposita,
884 2174 947 2249 ipsa
962 2190 1077 2252 qunque
1093 2182 1172 2234 tosta

136 2268 168 2323 17
178 2259 206 2318 iu
220 2259 322 2336 argilla
337 2276 371 2317 ac
388 2259 453 2317 trita
469 2273 532 2317 cum
547 2255 631 2335 adipe
644 2255 754 2315 anseris
766 2255 932 2316 volueribus
947 2256 1088 2316 medetur.
1114 2275 1171 2317 nec

178 2360 236 2402 non
249 2342 383 2402 ramentis
402 2341 518 2400 corticis
532 2353 639 2399 recens·
651 2337 795 2417 podagras
809 2339 980 2416 refrigerat,
1003 2348 1032 2400 et
1048 2341 1170 2402 ardores
1180 2363 1207 2403 2⁵

180 2427 299 2504 capitis,
321 2425 466 2484 infantium
486 2439 633 2498 maxume,
657 2430 686 2481 et
700 2422 776 2499 ignis
797 2440 897 2482 sacros
913 2422 961 2482 vel
976 2423 1067 2482 isdem
1082 2425 1170 2501 strig-

177 2509 279 2569 mentis
299 2508 429 2586 inpositis
454 2505 503 2564 vel
522 2504 687 2588 seminibus.
720 2523 808 2565 sucus
829 2521 866 2566 ex
881 2509 1057 2582 strigmentis
1069 2507 1170 2568 inlitus

180 2609 242 2652 curn
255 2607 387 2654 rosacea
396 2599 425 2649 et
435 2597 519 2649 aceto
531 2589 653 2649 febrium
664 2589 784 2650 ardores
797 2589 961 2666 refrigerat.
989 2591 1085 2652 aridae
1097 2591 1170 2652 ciuis

177 2675 317 2754 inpositus
339 2675 410 2734 mire
429 2671 576 2733 combusta
593 2682 682 2734 sanat.
715 2672 892 2760 Chrysippus
909 2674 1038 2734 medicus
1055 2675 1170 2736 damna·

177 2759 227 2821 bat
246 2775 297 2818 eas
311 2758 340 2816 in
361 2757 448 2834 cibis,
471 2757 524 2817 sed
538 2758 661 2817 omnium
676 2774 819 2820 consensu
834 2758 984 2818 stomacho
1001 2758 1171 2820 utilissimae
1181 2781 1207 2824 so

176 2843 335 2904 iudicantur
349 2851 378 2902 et
393 2844 603 2903 interaneorum
618 2843 835 2919 vesicarumque
852 2840 1126 2902 exulcerationibus.

136 2939 170 2993 18
242 2927 305 3007 (9.)
330 2925 384 2986 Est
407 2936 436 2987 ct
454 2943 525 3004 rapo
544 2927 588 2985 vis
606 2927 726 2986 medica.
755 2925 910 3002 perniones
926 2925 1044 2987 fervens
1059 2928 1170 3004 inposi-

177 3021 233 3072 tum
256 3019 352 3087 sanat,
377 3012 444 3079 item
466 3009 556 3086 frigus
572 3009 656 3087 pellit
677 3028 693 3069 e
713 3006 846 3087 pedibus.
878 3026 951 3086 aqua
972 3009 1169 3075 decoctiier'us

177 3097 296 3155 fervens
309 3094 445 3174 podagris
467 3095 551 3153 etiam
570 3093 681 3170 frigidis
700 3090 844 3170 medetur,
865 3101 895 3152 et
916 3093 1032 3153 crudum
1053 3103 1168 3155 tunsum

179 3197 241 3238 cunr
262 3178 340 3255 sale,
364 3179 533 3255 cuicumque
554 3177 622 3236 vitio
642 3176 756 3255 pedum.
786 3193 884 3236 serneu
899 3176 1008 3237 inlitum
1024 3187 1052 3238 et
1067 3185 1167 3257 potum
1177 3198 1206 3240 as

177 3264 205 3322 iu
224 3263 291 3321 uino
314 3271 411 3322 contra
432 3261 574 3339 serpentis
595 3271 623 3320 et
644 3260 739 3320 toxica
756 3258 882 3320 salutare
904 3277 971 3319 esse
986 3262 1132 3340 proditur,
1149 3279 1168 3322 a

136 3357 170 3411 19
178 3345 271 3404 multis
285 3363 356 3405 vero
372 3345 488 3406 antidoti
518 3345 573 3404 vim
588 3343 696 3404 habere
712 3344 863 3403 insinuet
880 3343 957 3403 oleo.
982 3344 1167 3406 Democritus

178 3431 206 3506 in
227 3437 316 3489 totum
338 3447 372 3489 ea
394 3429 536 3490 abdicavit
551 3429 585 3496 ,in
606 3426 677 3488 cibis
700 3437 820 3507 propter
841 3427 1018 3506 inflationes,
1043 3427 1166 3488 Diocles
