2552 3866
125 195 129 200 ·
182 180 242 243 162
520 191 550 239 o.
572 191 669 238 annun
691 189 841 238 succum

180 349 284 408 tisiam
298 348 379 406 annis
393 347 422 405 in
439 363 474 406 ea
490 355 569 406 terra
584 363 640 404 non
655 347 807 421 invenitur,
825 346 957 423 quoniam
975 344 1120 423 publicani
1134 346 1180 423 qui

180 449 288 512 pascua
308 430 471 490 conducunt
490 431 580 490 maius
598 431 637 489 ita
659 429 768 488 lucrum
792 431 950 488 sentientes
970 427 1182 526 depopulantur

180 531 318 596 pecorum
334 497 452 592 pabulo.
481 533 555 573 unus
569 514 682 572 omnino
700 513 789 572 caulis
809 521 909 573 nostra
924 515 1060 572 memoria
1081 530 1181 590 reper-

179 609 224 659 tus
245 595 355 664 Neroni
376 599 498 676 principi
518 599 622 656 missus
643 606 696 656 est.
740 599 764 656 si
787 597 913 695 quando
922 596 1019 656 incidit
1040 613 1131 676 pecus
1151 598 1180 655 in

179 701 260 762 spem
276 683 438 758 nascentis,
460 681 516 740 boc
530 681 753 760 deprehenditur
774 683 875 758 signo,
899 697 955 740 ove
970 699 1034 740 curn
1048 678 1179 768 comede·
1169 704 1205 743 -s

136 770 216 830 torta
233 765 393 826 dormiente
418 767 564 845 protinus,
586 783 674 844 capra
698 764 1179 841 sternutante.diuque1amnon

179 850 254 911 aliud
270 850 305 910 ad
320 867 373 908 nos
388 849 532 910 invehitur
544 849 623 922 laser
643 867 726 928 quam
746 847 850 926 quod'
842 866 870 906 ιιι
885 846 1004 907 Perside
1027 857 1074 908 aut
1087 847 1179 908 bledla

140 1001 142 1006 ,
181 943 210 994 et
223 934 359 994 Armenia
375 935 515 1011 nascitur,
537 934 622 1010 large
646 932 699 993 sed
721 933 809 992 multo
827 931 899 990 inira
925 929 1130 1008 Cyrenaicum,
1151 930 1179 990 id

181 1037 294 1096 quoque
311 1017 498 1078 adulteratum
514 1020 615 1078 cummi
629 1027 676 1078 aut
692 1017 848 1095 sacopenio
865 1023 912 1074 aut
923 1015 989 1074 iuba
1004 1016 1104 1092 fracta,
1123 1031 1179 1094 quo
1264 1087 1265 1092 γ

179 1103 271 1160 miuus
287 1102 469 1161 omittendum
483 1101 643 1163 videturC.
659 1101 778 1162 Valerio
793 1098 830 1158 bl.
846 1094 993 1158 Herennio
1017 1117 1094 1158 coss.
1125 1098 1178 1174 Gy·
1191 1123 1216 1163 ro

181 1187 259 1246 renis
275 1185 395 1246 advecta
415 1188 535 1248 Romam
554 1185 669 1286 ppblice
690 1183 824 1280 laserpici
847 1183 944 1260 pondo
959 1196 1050 1259 xxx,
1074 1182 1179 1243 Gaesa-

180 1287 244 1330 rem
257 1287 327 1328 vero
342 1268 510 1329 dictatorem
529 1271 607 1328 initio
621 1267 692 1326 belli
707 1266 821 1326 civilis
812 1274 888 1324 inter
903 1283 999 1326 aurum
1017 1275 1180 1342 argentum-

41 1362 49 1376 '
139 1363 172 1418 41
183 1367 238 1432 que
254 1353 406 1432 protulisse
424 1370 461 1410 ex
480 1353 592 1411 aerario
613 1350 750 1448 laserpici
772 1347 868 1447 pondo
889 1349 1015 1410 MD.1d
1036 1349 1111 1428 apud
1132 1368 1181 1409 au·

183 1446 280 1498 ctores
296 1435 433 1496 Graeciae
448 1434 700 1494 evidentissimos'
692 1434 851 1492 rnvenimus
867 1441 962 1492 natum
984 1431 1076 1490 imbre
1092 1434 1180 1509 piceo

182 1529 303 1620 repente
318 1516 476 1579 madefacta
489 1517 593 1578 tellure
609 1535 680 1594 erga
696 1515 887 1595 Hesperidum
900 1516 1002 1575 hortos
1015 1516 1180 1593 Syrtimque
1192 1541 1220 1580 ιι

182 1607 318 1666 maiorem
333 1608 445 1680 septem
466 1605 545 1670 annis
570 1612 635 1662 ante
651 1599 787 1680 oppidum
802 1599 994 1676 Cyrenarum,
1017 1599 1095 1678 quod
1111 1617 1180 1658 con·

184 1690 271 1748 ditum
286 1695 330 1746 est
346 1684 425 1744 urbis
445 1696 559 1748 nocuae
581 1704 654 1746 anno
677 1697 814 1762 extant,
834 1687 891 1744 vim
912 1693 1004 1744 autem
1024 1684 1102 1743 illam
1126 1701 1182 1761 per
1264 1649 1265 1734 l

141 1781 176 1836 ιιι
186 1781 318 1852 quattuor
341 1768 417 1827 milia
438 1768 553 1830 stadium
574 1770 692 1830 Africae
715 1769 850 1830 valuisse
889 1770 916 1827 in
939 1787 973 1830 ea
995 1768 1181 1866 laserpicium
1264 1769 1265 1844 l

184 1857 263 1933 gigni
257 1850 410 1925 solitum,¹
416 1869 476 1909 rem
496 1852 583 1913 leram
599 1873 633 1913 ac
648 1863 846 1917 contumacem
867 1861 911 1928 et,
933 1872 957 1911 ιιι
950 1853 1159 1928 '‚ooleretur
1150 1869 1180 1909 ιιι

185 1940 297 1997 deserta
315 1934 487 2008 fugientem,
508 1933 604 1996 radice
622 1937 709 1998 multa
731 1954 903 2015 crassaque,
926 1936 1008 1996 caule
1029 1936 1178 1995 ferulaceo
1188 1955 1220 1996 ao
1264 1987 1265 1994 ,

185 2037 219 2078 ac
240 2017 322 2076 simili
346 2016 542 2076 crassitudine
570 2017 649 2081 buius
663 2022 733 2082 folia
754 2030 953 2099 maspetum
931 2020 1090 2096 vocabant,
1112 2020 1178 2098 apio

185 2119 316 2168 maxume
334 2101 444 2161 similia
474 2117 571 2160 semen
589 2115 646 2165 erat
662 2105 829 2204 loliapeum,
852 2103 983 2165 lolium'
975 2122 1068 2182 ipsum
1087 2120 1178 2163 verno

142 2185 343 2250 43deciduum.
375 2187 455 2245 vesci
470 2201 578 2264 pecora
593 2186 685 2284 sqllta,
700 2191 849 2268 primoque
871 2189 1005 2267 purgari,
1027 2206 1095 2248 mox
1117 2187 1178 2266 pin-

186 2288 329 2350 gueseere
344 2287 430 2330 carne
444 2269 625 2329 mirabilem'
616 2288 646 2328 ιιι
659 2265 769 2332 modum
788 2271 917 2332 iucunda.
934 2280 1001 2350 post
1012 2271 1083 2332 lolia
1095 2272 1178 2331 amis-

187 2375 222 2416 se
234 2354 338 2414 caule
329 2371 394 2432 rpso
412 2362 441 2412 ct
455 2353 585 2411 homines
601 2355 789 2415 vescebantur
808 2355 930 2416 decocto
944 2355 1085 2434 esseque,
1099 2355 1177 2414 elixo
1188 2380 1221 2420 25

186 2453 415 2515 eorumquoque
437 2451 561 2514 corpora
576 2447 622 2492 xc
642 2437 741 2513 primis
758 2438 858 2499 diebus
875 2447 1033 2518 purgante,
1057 2439 1117 2499 utili
1133 2435 1179 2498 luis

187 2519 326 2580 omnibus.
341 2535 426 2578 sucus
440 2518 552 2578 duobos
561 2517 653 2576 modis
664 2519 838 2599 capiebatur,
851 2541 867 2582 e
879 2523 976 2582 radice
988 2531 1074 2602 atque
1084 2523 1178 2582 caule.

187 2603 301 2662 ethaeo
317 2595 381 2661 duo
389 2611 470 2662 erant
486 2602 610 2678 nomina,
624 2601 729 2662 rbinias
743 2612 825 2681 atque
843 2607 950 2666 caulius
966 2607 1051 2666 vilior
1073 2607 1122 2666 illo
1143 2625 1180 2666 ac

144 2694 366 2785 dtputrescens
400 2686 489 2746 radici
513 2693 614 2745 cortex
640 2687 732 2763 niger.
773 2688 809 2748 ad
831 2691 935 2750 mercis
962 2689 1101 2750 adulteria
1131 2709 1177 2750 su·

188 2789 251 2830 cam
265 2771 357 2848 ipsum
372 2771 400 2829 in
413 2789 482 2832 vasa
499 2773 639 2830 coiectum
658 2771 782 2830 admixto
802 2771 908 2833 furfure
928 2773 1048 2834 subinde
1071 2791 1177 2834 concu-
1188 2801 1225 2845 ιι)

187 2853 285 2916 tiendo
300 2853 335 2913 ad
352 2856 539 2914 maturitatem
556 2852 765 2931 perducebant,
788 2855 816 2912 ni
840 2857 879 2914 ita
905 2857 1058 2934 fecissent,
1080 2867 1178 2935 putre·

187 2947 323 2997 stentem.
359 2947 552 3014 argumentum
570 2946 630 2997 erat
650 2938 816 2997 maturitatis
838 2939 931 2998 colos
927 2942 1111 3020 siccitasque
1132 2961 1178 3001 su-

143 3029 179 3084 45
187 3023 257 3083 dore
274 3023 371 3081 linito.
391 3020 448 3079 Alii
462 3020 574 3080 tradunt
588 3019 725 3099 laserpici
739 3019 863 3081 radicem
877 3022 965 3084 luisse
978 3026 1114 3086 maiorem
1130 3043 1177 3084 eu·
1264 3029 1265 3092 l

186 3105 275 3180 bitali,
290 3105 455 3181 tuberque
446 3123 474 3162 ιιι
490 3122 524 3164 ea
542 3121 628 3182 supra
643 3114 756 3164 terram.
785 3105 865 3166 boe'
857 3107 948 3166 inciso
964 3107 1110 3188 profluere
1131 3127 1178 3168 so·

187 3189 265 3247 litum
280 3199 376 3248 sucum
392 3205 446 3246 ceu
461 3187 553 3262 laetis,
568 3196 721 3266 supernato
737 3189 819 3249 caule
836 3207 920 3268 quem
938 3193 1111 3267 magydarim
1126 3211 1176 3254 vo-
1187 3218 1227 3262 ³⁵

188 3280 296 3329 cerunt
323 3271 394 3331 folia
408 3289 487 3330 aurea
480 3270 608 3330 'coloris
624 3289 677 3349 pro
694 3274 801 3332 semine
815 3273 920 3349 luisse,
942 3274 1070 3337 cadentia
1092 3296 1107 3337 a
1129 3295 1177 3338 ca·

185 3354 229 3413 nis
247 3363 311 3414 ortu
326 3364 421 3414 austro
442 3355 537 3415 flante.
569 3373 607 3414 eir
626 3354 670 3414 bis
691 3355 873 3435 laserpicium
893 3357 972 3418 nasci
995 3359 1106 3420 solitum
1128 3378 1177 3420 an·
1264 3401 1265 3406 κ

184 3454 243 3498 nuo
255 3439 347 3516 spatio
362 3447 393 3498 et
407 3438 503 3500 radice
518 3447 547 3498 et
562 3437 643 3498 caule
661 3441 918 3503 consummantibus
934 3459 1009 3504 sese.
1039 3443 1067 3503 hi
1082 3453 1111 3504 et
1122 3447 1177 3504 cir·
