2552 3866
195 185 254 248 166
534 195 563 245 c.
581 198 676 245 curru
694 197 843 246 sncnnnr
873 269 879 280 ἱ
942 202 944 207 ·

191 346 377 424 cartilagine,
405 347 461 408 alia
483 366 584 425 carue,
613 350 668 410 alia
688 339 823 431 utroque,
847 351 904 412 alia
923 352 1034 410 cortice
1057 362 1104 410 aut
1122 362 1179 412 cute

192 441 220 492 et
235 431 417 508 cartilagine,
435 431 490 492 alia
502 433 605 495 tunicis
621 436 759 494 carnosis.
885 485 887 490 .

53 544 59 553 1
149 528 183 583 61
256 515 339 594 (22.)
361 515 493 577 Aliorum
504 505 615 576 fructus
633 518 661 577 in
676 527 753 578 terra
765 527 821 594 est,
836 517 956 578 aliorum
969 525 999 574 et
1012 526 1102 593 extra,
1117 518 1179 578 alio·

190 618 252 660 rum
268 617 326 659 non
341 601 395 660 nisi
410 608 501 660 extra.
536 601 675 679 quaedam
691 602 786 661 iacent
802 607 1011 678 crescuntque,
1037 609 1067 660 ut
1089 620 1180 662 cucur-

190 685 267 745 bitae
283 693 313 742 et
329 684 465 744 cucumis.
496 683 597 744 eadem
613 684 750 764 pendent,
766 701 935 761 quamquam
949 686 1086 759 graviora
1100 686 1200 748 multos

191 770 275 829 etiam
290 769 324 826 iis
341 769 458 845 quaein
472 767 800 844 arboribusgignuntnr,
816 766 868 824 sed
881 769 1007 826 cucumis
1020 769 1181 846 cartilagine
1238 787 1242 797 ·

191 862 219 912 et
235 869 321 912 carne
337 860 460 928 constat,
477 851 623 911 cucurbita
637 852 749 910 cortice
764 859 793 910 et
805 849 984 925 cartilagine.
1011 862 1113 912 cortex
1123 853 1183 914 huic

148 937 237 1003 thuni
251 935 411 994 maturitate
426 936 527 995 transit
542 936 570 994 in
590 934 706 1010 lignum.
736 943 812 993 terra
834 932 992 994 conduntur
1008 936 1126 1014 raphani
1138 956 1182 997 na·

191 1022 279 1101 pique
300 1027 329 1078 et
348 1036 434 1096 repa,
455 1026 541 1096 atque
559 1018 616 1078 alio
643 1018 729 1078 modo
754 1016 866 1092 inulae,
896 1017 987 1094 siser,
1014 1022 1182 1097 pastinacae.

191 1101 330 1182 quaedam
348 1101 515 1162 vocabimus
536 1101 698 1178 ferulacea,
725 1109 754 1160 ut
777 1109 903 1176 anetum,
918 1101 1036 1160 malvas.
1067 1122 1216 1182 namquero

190 1186 304 1248 tradunt
316 1195 449 1246 auctores
465 1188 495 1246 in
505 1185 612 1246 Arabia
624 1186 732 1248 malvas
744 1193 874 1262 septumo
886 1201 985 1245 mense
998 1185 1185 1249 arborescere

141 1271 414 1348 'sabuculorumque
435 1287 514 1328 nsum
532 1267 684 1345 praebere.
718 1266 853 1344 exemplo
870 1277 915 1326 est
935 1268 1022 1327 arbor
1036 1271 1147 1331 malvae
1160 1273 1186 1330 in

190 1355 366 1418 Mauretania
376 1353 437 1412 hixi
455 1351 554 1430 oppidi
570 1351 723 1426 aestuario,
743 1349 791 1409 ubi
804 1348 993 1428 Hesperidum
1008 1351 1084 1413 horti
1099 1355 1187 1414 fuisse
1250 1381 1255 1392 =

191 1439 348 1519 produntur
361 1447 401 1496 cc
416 1451 491 1512 pass.
520 1432 555 1492 ab
572 1451 697 1508 oceano,
714 1435 791 1495 iuxta
807 1433 957 1493 delubrum
973 1434 1106 1495 Herculis
1119 1441 1188 1497 anti·

192 1525 275 1601 quius
293 1520 448 1595 Gaditano,
475 1526 505 1576 ut
519 1517 624 1578 ierunt.
656 1517 719 1597 ipsa
735 1516 887 1577 altitudinis
905 1517 1008 1596 pedum
1023 1525 1223 1596 xx,-cras-15

192 1606 321 1667 situdinis
345 1620 429 1682 quam
451 1601 648 1681 circumplecti
671 1619 755 1660 nemo
781 1602 882 1681 possit.
917 1603 946 1660 in
967 1602 1050 1662 simili
1077 1621 1189 1679 genere

190 1688 341 1750 habebitur
356 1695 384 1746 et
402 1685 554 1762 cannabis.¹
584 1702 710 1745 necnon
726 1693 755 1744 et
773 1703 897 1746 carnosa
914 1684 1007 1764 aliqua
1028 1686 1189 1765 appellabi-
1256 1675 1257 1760 l

192 1791 269 1848 mus,
291 1781 321 1830 ut
343 1787 490 1848 spongeas
504 1772 532 1829 in
549 1787 647 1829 umore
660 1778 814 1846 ¹pratorum
831 1772 1003 1830 enascentis.
1036 1770 1190 1846 fungorum
1256 1827 1257 1832 ,

151 1879 179 1922 ac,
194 1877 217 1910 a
240 1856 315 1914 enim
339 1853 442 1911 callum
458 1854 486 1910 in
503 1852 572 1928 ligni
589 1853 780 1931 arborumque
801 1861 899 1914 nemra
920 1853 1056 1930 diximus,
1081 1854 1189 1914 etalio

150 1962 221 2004 esea.
234 1953 345 2012 genere
362 1930 490 1994 tuberum
505 1935 592 2014 paulo
608 1945 684 1996 ante.
1199 1965 1226 2004 20

150 2032 185 2087 64
254 2020 284 2080 5.
303 2017 386 2097 (23.)
411 2016 616 2096 Cartilaginnm
630 2022 747 2097 generis
767 2030 906 2098 extraque
922 2029 1026 2082 terram
1041 2030 1086 2080 est
1105 2040 1190 2081 cucu-
1256 2059 1257 2072 ,

190 2105 244 2164 mis
264 2103 334 2163 mira
356 2102 503 2181 voluptate
518 2103 634 2164 'liberio
654 2105 778 2184 principi
800 2107 953 2184 expetitus.
987 2105 1066 2164 nullo
1081 2106 1193 2184 quippe

190 2205 248 2248 non
270 2187 317 2248 die
341 2187 462 2264 contigit
482 2188 509 2246 ei
529 2189 648 2266 pensilis
670 2207 769 2248 eornm
790 2185 891 2248 hortos
908 2187 1148 2267 promoventibus
1163 2189 1194 2246 in

192 2273 284 2333 solem
300 2272 372 2330 rotis
388 2270 541 2331 olitoribus
554 2290 710 2350 rursusque
726 2271 854 2332 hibernis
876 2271 977 2334 diebus
995 2273 1069 2332 intra
1084 2290 1193 2351 specu·

135 2349 140 2360 ’
191 2358 291 2417 larium
302 2357 470 2414 munimenta
486 2354 700 2426 revocantibus.
731 2355 798 2432 quin
823 2363 853 2414 et
873 2356 949 2415 lacte
970 2355 1063 2416 mulso
1079 2356 1232 2421 seminem

193 2456 290 2500 eorum
307 2437 393 2499 biduo
409 2447 554 2502 macerato
569 2438 644 2517 apud
659 2439 790 2517 antiquos
806 2438 945 2499 Graeciae
965 2448 1100 2500 auctores
1119 2441 1195 2500 scri-

149 2533 182 2586 65
191 2531 268 2600 ptum
283 2531 327 2580 est
341 2523 399 2580 seri
416 2529 570 2599 oportere,
593 2531 622 2582 ut
637 2513 782 2584 dulciores
797 2523 875 2584 liant.
908 2532 1043 2583 crescunt
1059 2541 1115 2601 qua
1140 2541 1195 2582 co-

193 2613 297 2682 guntur
312 2603 412 2680 lorma,
428 2605 456 2664 in
470 2603 552 2664 ltalia
569 2606 677 2672 virides
692 2615 721 2666 et
734 2625 818 2684 quam
831 2607 958 2683 minumi,
983 2607 1011 2666 in
1030 2608 1197 2684 provinciis

191 2706 274 2768 quam
283 2689 448 2748 maxumi-et
466 2689 554 2748 cerini
566 2697 613 2751 aut
623 2691 707 2768 nigri.
722 2690 837 2770 placent
848 2691 1041 2768 copiosissimi
1054 2690 1196 2767 Africae,

117 2779 122 2789 “
190 2773 369 2850 grandissimi
379 2771 516 2834 Moesiae.
540 2791 603 2834 cum
613 2773 805 2850 magnitudine
814 2791 979 2851 excessere,
993 2793 1128 2852 pepones
1140 2794 1197 2835 vo·
1208 2798 1236 2839 co

192 2866 298 2918 cantum.
320 2857 419 2916 vivont
426 2855 519 2916 hausti
529 2857 556 2916 in
569 2858 716 2918 stomacho
729 2860 756 2916 in
769 2864 914 2936 posterum
926 2857 1009 2934 diem,
1021 2875 1076 2918 nec
1086 2861 1197 2937 perfici

191 2949 297 3017 queunt
310 2939 339 2997 in
354 2939 436 3014 cibis,
446 2955 505 3000 non
514 2941 674 3002 insalubres
686 2950 781 3002 tamen
795 2940 963 3018 plurumum.
979 2951 1078 3001 natura
1091 2941 1198 3002 oleum

149 3019 277 3084 660dere
288 3024 375 3099 mire,
391 3041 446 3082 nec
457 3025 548 3082 minus
560 3042 649 3102 aquas
662 3025 793 3100 diligunt,
812 3023 921 3084 desecti
936 3041 1060 3103 quoque.
1083 3024 1121 3084 ad
1140 3043 1198 3085 eas

190 3107 300 3167 modice
315 3107 442 3168 distantis
457 3107 607 3185 adrcpunt,
624 3118 722 3168 contra
737 3107 830 3167 oleum
847 3108 994 3184 refugiunt
1010 3117 1065 3184 aut,
1080 3110 1105 3168 si
1122 3108 1200 3186 quid

196 3189 299 3267 obstet,
310 3191 359 3250 vel
371 3191 394 3248 si
408 3191 565 3268 pendeant,
579 3199 729 3252 curvantur
740 3191 1007 3270 intorquenturque.
1030 3191 1058 3250 id
1070 3192 1120 3251 vel
1133 3211 1198 3252 una
1211 3218 1237 3258 ³⁵

190 3281 275 3332 nocte
290 3273 526 3352 deprehenditur,
547 3275 571 3333 si
585 3293 637 3335 vas
653 3291 716 3334 cum
729 3292 803 3354 aqua
824 3275 998 3352 subiciatur,
1019 3294 1035 3336 a
1053 3284 1201 3352 quattuor

190 3352 343 3431 digitorum
358 3358 511 3420 intervallo
528 3357 766 3419 descendentibus
783 3367 849 3418 ante
861 3369 1009 3437 posterum
1021 3359 1107 3434 diem,
1127 3369 1160 3418 at
1171 3362 1200 3418 si

190 3436 285 3498 oleum
299 3440 402 3501 eodem
415 3442 502 3502 modo
518 3444 563 3520 sit,
579 3443 607 3502 in
620 3441 720 3502 bannos
734 3442 869 3502 curvatis.
906 3443 990 3503 iidem
1012 3444 1040 3500 in
1062 3443 1201 3502 fistulam
