2552 3866
173 167 233 232 160
522 181 553 230 o.
569 181 829 230 rnnn1sscuno1

170 335 304 414 exiguum
320 344 349 395 et
363 335 460 396 inutile
475 337 612 414 gignitur.
644 334 890 414 Carthaginiensis
904 337 1059 418 Hispaniae
1082 343 1175 402 citeri·

71 475 75 484 ,
170 421 229 479 oris
245 421 352 499 portio,
367 435 424 479 nec
441 419 515 480 haec
530 429 591 480 tota
605 418 658 480 sed
672 429 813 498 quatenus
828 422 918 500 parit,
933 424 1036 484 montis
1060 442 1175 504 quoque

126 511 160 567 ht
171 512 268 582 sparto
285 504 389 582 operit
419 499 494 564 ilinc
508 512 596 564 strata
617 505 733 566 rusticis
754 522 869 583 eorum,
890 505 957 566 hinc
975 508 1059 584 ignes
1080 509 1174 568 iaces·

168 603 235 666 que,
254 587 320 648 hinc
335 588 501 648 calciamina
518 597 546 647 et
566 596 713 666 pastorum
739 592 839 649 vestis.
872 591 1039 652 animalibus
1058 594 1175 654 nonium

167 678 370 750 praeterquam
388 673 564 732 cacuminum
574 673 738 732 teneritate.
758 673 794 734 ad
805 673 932 753 reliquos
946 693 1013 736 usus
1027 675 1172 736 laboriose
1187 700 1200 740 s

168 754 283 814 vellitur
297 759 423 818 ocreatis
440 756 571 817 cruribus
585 773 668 816 mauu
677 758 827 836 'textisque
841 759 975 835 manicis,
993 759 1174 820 convolutum

168 839 263 899 osseis
280 839 434 917 iligneisve
451 842 638 902 conamentls.
668 843 813 902 nunciam
828 843 856 900 in
872 840 993 903 hiemem
1015 845 1110 920 iuxta,
1132 845 1173 903 la·

169 923 273 985 cillime
285 933 379 984 tamen
391 924 427 985 ah
439 923 531 986 idibus
541 925 623 986 llaiis
635 926 663 984 in
677 924 781 987 lunias.
802 925 863 985 -hoc
874 927 1041 987 maturitatis
1052 936 1173 1006 tempus.

123 1018 160 1073 ιδ
228 1006 291 1087 (8.)
314 1009 435 1071 volsum
452 1008 580 1070 fascibus
593 1011 622 1069 in
638 1024 745 1070 acervo
760 1009 909 1068 animatum
921 1008 1018 1090 hiduo,
1033 1014 1118 1071 tertio
1130 1029 1173 1069 re-

167 1093 301 1170 solutum,
317 1095 462 1172 spargitur
474 1095 502 1152 in
517 1094 580 1155 sole
597 1095 780 1171 siccaturque
794 1100 823 1150 et
833 1109 933 1153 rursus
947 1095 975 1154 in
989 1094 1117 1154 iascihus
1128 1113 1172 1154 re·
1184 1116 1207 1156 no

167 1177 207 1236 dit
222 1175 274 1236 suh
289 1186 376 1238 tecta.
403 1187 508 1258 postea
525 1186 700 1251 maceratur,
717 1192 791 1254 aqua
801 1177 910 1237 marina
925 1187 1059 1256 optume,
1078 1177 1173 1238 sedet

167 1261 254 1338 dulci,
272 1261 298 1321 ei
311 1264 417 1322 marina
434 1263 518 1338 desit,
535 1263 729 1338 siccatumque
745 1259 807 1318 sole
823 1260 925 1320 iterum
940 1263 1060 1338 rigatur.
1089 1263 1113 1320 si
1128 1280 1173 1321 ne·

167 1355 255 1425 pente
269 1355 391 1424 urgueat
405 1344 587 1417 desiderium,
602 1343 748 1420 periusum
770 1340 862 1402 calida
880 1345 909 1402 in
930 1345 1005 1403 solio
1023 1363 1058 1404 ac
1080 1348 1172 1404 sicca·
1229 1376 1232 1384 ·

124 1440 158 1494 29
169 1440 227 1490 tum
242 1438 320 1490 stans
340 1427 530 1506 conpendium
545 1442 653 1504 operae
668 1425 782 1484 latetur.
813 1425 870 1486 hoc
890 1435 984 1486 autem
1005 1426 1128 1486 tunditur
1143 1437 1174 1488 ut

167 1515 215 1576 ilat
229 1514 308 1591 utile,
323 1513 480 1592 praecipue
492 1511 523 1570 iu
536 1510 619 1590 aquis
634 1509 760 1589 marique
775 1509 919 1569 invictum.
945 1511 977 1568 in
993 1510 1209 1589 siccoprae·1s

165 1599 261 1659 ierunt
278 1617 295 1658 e
310 1595 429 1657 cannabi
445 1597 528 1655 lunis,
564 1591 618 1654 sed
636 1600 763 1672 spartum
786 1591 869 1654 alitur
891 1594 977 1654 etiarn
1000 1593 1172 1670 demersum,

97 1675 102 1692 ’
168 1683 255 1743 veluti
270 1682 403 1741 natalium
424 1682 499 1740 sitim
518 1695 654 1758 pensans.
686 1685 730 1737 est
749 1676 864 1756 quidem
883 1679 945 1738 eius
967 1686 1065 1740 natura
1085 1679 1172 1737 iuter·

124 1776 160 1831 30
171 1766 256 1846 polis,
271 1783 426 1844 rursusque
443 1781 526 1843 quam
541 1763 629 1824 liheat
643 1769 785 1844 vetustum
799 1779 876 1822 nouo
891 1762 1035 1822 miscetur.
1061 1779 1172 1821 verum·

166 1861 260 1911 tamen
272 1849 471 1926 conplectatur
483 1848 574 1906 animo
587 1846 634 1923 qui
647 1845 727 1905 volet
737 1846 902 1907 miraculum
920 1848 1073 1907 aestimare
1084 1863 1171 1923 quan·
1264 1893 1265 1900 ,

167 1944 197 1994 to
215 1935 251 1991 sit
264 1932 292 1988 in
306 1949 358 1989 usn
375 1931 504 1990 omnihus
520 1930 605 1988 terris
619 1931 732 1989 navium
745 1929 935 2006 armamentis,
947 1929 1084 1991 machinis
1096 1928 1171 1988 aedi·
1180 1947 1206 1988 ao

169 2015 331 2076 dcationum
346 2014 468 2092 aliisque
484 2013 634 2073 desideriis
652 2015 737 2074 vitae.
768 2013 805 2073 ad
821 2013 875 2074 hos
896 2015 987 2074 omnis
1008 2031 1076 2073 usus
1090 2029 1171 2094 ¹quae
1263 2051 1264 2056 η

167 2098 308 2162 sniholaut
322 2101 414 2158 minus
427 2100 544 2176 triginta
561 2097 637 2158 milia
651 2115 785 2177 passuum
807 2097 836 2156 in
855 2097 1030 2158 latitudinem
1051 2115 1068 2156 ι
1087 2095 1171 2156 litore

168 2179 348 2260 Carthaginis
363 2200 455 2243 nonae
469 2185 617 2261 minusque
634 2183 694 2242 cin
710 2181 917 2258 longitudinem
937 2199 1004 2241 esse
1024 2181 1171 2258 reperien·
1263 2187 1264 2211 l

166 2275 221 2326 tur.
250 2267 366 2344 longius
380 2267 446 2328 vehi
460 2266 594 2346 inpendia
608 2265 770 2343 prohibent.

123 2361 154 2416 31
233 2350 296 2432 (9.)
318 2352 408 2412 lunco
430 2351 558 2411 Graecos
578 2350 614 2408 ad
634 2351 709 2422 iunia
728 2366 797 2408 usos
817 2350 921 2408 nomini
945 2347 1095 2406 credamus
1113 2363 1207 2424 quocs

167 2433 284 2496 herbam
300 2453 361 2496 eam
377 2433 533 2512 appellant,
552 2442 654 2510 postea
670 2432 826 2512 palmarum
840 2432 919 2492 loliis
930 2431 1102 2511 philuraque
1112 2447 1171 2490 ma·
1262 2439 1263 2515 ι

168 2519 302 2578 niiestum
319 2527 373 2580 est.
396 2516 463 2578 iude
477 2516 643 2576 translatum
663 2535 680 2576 a
696 2516 800 2576 Poenis
822 2517 911 2596 sparti
935 2531 1015 2574 usum
1034 2530 1171 2592 perquam

168 2601 259 2661 simile
276 2603 337 2661 veri
351 2608 405 2660 est.

122 2693 160 2752 di
236 2685 317 2764 (10.)
340 2684 556 2764 Theophrastus
570 2692 670 2744 auctor
686 2691 731 2743 est
746 2701 814 2742 esse
829 2680 907 2742 hulhi
921 2699 1013 2757 genus
1034 2681 1112 2740 circa
1134 2679 1170 2738 ri-

169 2784 222 2848 pas
245 2771 365 2828 amnium
385 2784 524 2844 nascens,
551 2770 630 2828 cuius
651 2767 725 2832 inter
740 2782 875 2826 summum
891 2766 1029 2824 corticem
1051 2780 1207 2840 eamqueao

168 2862 280 2932 partem
303 2869 357 2931 qua
378 2861 534 2914 vescuntur
553 2867 620 2920 esse
643 2843 756 2911 laheam
777 2855 904 2909 naturam
927 2866 965 2908 ex
991 2865 1046 2927 qua
1072 2845 1172 2925 inpilia

167 2946 323 3016 vestesque
334 2937 473 3016 quaedam
486 2937 680 2996 coniiciuntur.
703 2934 754 2994 sed
766 2949 861 3008 neque
874 2933 1024 3009 regionem
1035 2932 1064 2990 in
1075 2947 1130 3009 qua
1142 2929 1171 2988 id
1260 2949 1261 3006 ι

168 3022 218 3081 liat
236 3040 292 3081 nec
312 3023 463 3100 quicquam
479 3019 642 3095 diligentius
658 3025 859 3097 praeterquam
874 3015 1051 3093 eriophoron
1072 3013 1101 3072 id
1120 3031 1170 3090 ap·
1260 3007 1261 3074 Ϊ

168 3105 272 3183 pellarl
287 3106 315 3164 in
333 3103 546 3182 exemplaribus
561 3119 635 3181 quae
653 3100 784 3180 equidem
798 3101 954 3160 invenerim
966 3098 1059 3174 tradit,
1076 3114 1170 3174 neque
1260 3107 1261 3127 ¹

171 3190 286 3248 omnino
316 3189 401 3249 ullam
426 3187 599 3248 mentionem
623 3185 710 3248 hahet
734 3185 822 3263 sparti
849 3191 950 3244 cuncta
975 3199 1078 3258 magna
1102 3198 1207 3248 curam

127 3289 178 3334 aaa
196 3282 364 3349 persecutus
392 3281 501 3332 cccxc
530 3271 610 3331 annis
634 3278 699 3330 ante
725 3285 794 3344 nos,
821 3277 851 3327 ut
880 3268 935 3326 iam
961 3265 1074 3327 etalio
1100 3264 1169 3324 loco

92 3363 96 3369 '
141 3355 305 3446 minimus,
337 3373 394 3435 quo
422 3355 540 3434 adparet
566 3363 632 3431 post
659 3352 686 3412 id
711 3351 850 3432 temporis
883 3351 911 3410 iu
943 3365 1023 3410 usum
1055 3347 1171 3408 venisse
1259 3353 1260 3433 ι

169 3447 305 3518 spartum.
938 3471 941 3478 ·
