2512 3858
175 182 213 242 16
520 189 819 240 εειῑειεεουευι

173 346 308 422 materia,
334 345 414 406 cuius
431 345 533 408 llorem
551 346 704 408 cubitalem
725 343 903 422 longitudine
923 357 994 422 apes
1011 343 1164 405 nonattin·

172 439 251 508 gunt.
282 429 342 490 odit
360 439 389 490 et
403 447 478 508 quac
495 431 656 508 appellatur
669 429 747 492 lovis
762 426 920 502 barba,'in
935 445 1026 506 opere
1040 429 1165 508 topiario
1246 405 1247 456 Ὺ

132 521 165 578 77
176 513 288 574 tonsilis
300 522 334 574 'et
350 515 378 573 in
398 514 599 574 rotunditatem
621 515 732 590 spissa,
755 519 895 588 argenteo
917 511 1003 572 folio.
1032 529 1089 572 non
1111 513 1166 570 nisi

172 599 200 657 in
215 599 332 676 aquosis
348 599 521 676 proveniunt
535 596 651 670 salices,
664 597 732 669 alni,
748 595 859 673 populi,
874 595 956 671 siler,
973 595 1092 672 liguslra
1107 605 1165 654 tes·

172 683 247 742 seris
263 683 422 757 utilissima,
440 682 506 742 item
521 681 650 738 vaccinia
669 677 769 738 ltaliae
785 679 813 737 in
826 680 956 757 aucupiis
972 689 1043 755 sata,
1053 678 1190 744 Galliaes

171 783 244 826 vero
260 767 344 826 etiam
359 781 503 843 purpurae
522 762 695 839 tinguendae
711 777 798 820 causa
816 761 852 822 ad
867 763 1048 822 servitiorum
1064 763 1166 822 vestis.

172 848 376 926 Quaecumque
393 846 551 906 communia
569 855 632 904 sunt
647 843 790 903 montibus
804 844 955 923 planisque
974 847 1082 907 maiora
1098 845 1167 905 liunt

172 933 312 1013 adspectu
328 928 550 1008 pulchrioraque
567 928 596 988 in
611 927 831 1006 campestribus,
844 926 965 986 meliora
979 929 1098 988 materia
1112 929 1167 988 cri·

172 1019 325 1097 spioraque
342 1014 370 1072 in
384 1011 526 1073 montibus
542 1013 674 1090 exceptis
690 1011 772 1071 malis
789 1011 928 1089 pirisque.
1247 1047 1248 1058 .

129 1107 165 1165 78
238 1101 285 1160 19.
309 1095 391 1174 (32.)
422 1095 577 1155 Praeterea
593 1095 727 1156 arborum
747 1094 811 1154 aliis
833 1093 969 1154 decidunt
983 1093 1071 1170 lolia,
1088 1095 1201 1156 aliuco
1247 1093 1248 1106 .

171 1183 344 1260 sempiterna
359 1195 441 1241 coma
456 1181 560 1254 virent,
575 1197 659 1258 quam
670 1178 859 1240 differentiam
871 1178 1025 1240 antecedat
1039 1195 1166 1240 neccsse

170 1275 215 1324 est
227 1265 315 1344 prior.
338 1261 1166 1341 suntenimurborumquaedamomninosilvcstres,qua'c·

169 1349 232 1410 dam
247 1346 433 1421 urbaniores,
456 1347 589 1424 quoniam
609 1345 658 1405 hia
674 1346 774 1425 placet
794 1345 953 1406 nominibus
975 1345 1164 1424 distinguere.

168 1432 224 1492 hae
241 1431 338 1508 mites,
352 1448 429 1508 quae
445 1430 539 1490 lructu
555 1438 602 1490 aut
616 1429 712 1508 aliqua
730 1430 804 1491 dote
825 1429 1044 1508 umbrarumque
1065 1431 1165 1492 cilicio

168 1515 316 1576 humanius
331 1514 438 1588 iuvant,
453 1530 511 1573 non
525 1513 648 1594 inprobe
664 1514 795 1574 dicantur
806 1513 943 1576 urbanae.
1176 1534 1201 1572 15
1248 1569 1249 1582 ,

128 1607 162 1664 79
230 1597 280 1660 20.
302 1597 385 1678 (33.)
407 1597 512 1657 llarum
527 1599 628 1676 generi
643 1615 699 1657 non
714 1596 864 1658 decidunt:
881 1598 977 1675 oleae,
992 1598 1085 1674 lauro,
1100 1599 1164 1677 pal·
1183 1643 1184 1648 η

169 1699 243 1758 mae,
256 1691 360 1762 myrto,
373 1699 525 1760 cupresso,
534 1683 618 1761 pinis,
626 1680 765 1755 hederae,
772 1680 979 1743 rhododendro
986 1691 1025 1761 et,
1035 1685 1164 1761 quamvis

168 1767 258 1828 herba
275 1767 394 1842 dicatur,
410 1765 536 1826 sabinae.
565 1763 805 1840 rhododendron,
821 1775 851 1826 ut
866 1768 979 1828 nomine
993 1767 1128 1846 adparet,
1145 1783 1165 1825 a

158 1850 289 1912 ‘Graecis
299 1850 386 1908 venit.
417 1850 465 1912 alii
479 1850 588 1909 nerium
603 1858 753 1924 vocarunt,
770 1848 819 1909 ulii
834 1850 1072 1931 rhododaphnen,
1086 1867 1162 1908 sem-

168 1936 309 2014 piternum
335 1932 458 2007 fronde,
484 1949 570 1992 rosae
596 1931 796 2009 similitudine,
823 1933 953 1994 caulibus
983 1934 1161 1995 fruticosum.
1173 1953 1200 1992 ac

168 2017 515 2093 iumentis·caprisqueet
532 2016 634 2076 ovibus
650 2034 792 2078 vencnum
808 2027 864 2094 est,
881 2018 956 2078 idem
971 2017 1077 2078 homini
1092 2035 1162 2078 con-

168 2109 211 2161 tra
228 2101 403 2178 serpentium
416 2117 527 2160 venena
541 2099 680 2164 remedio.
1249 2133 1250 2190 q

126 2195 162 2248 80
235 2182 285 2244 21.
315 2183 495 2244 silvestrium
509 2185 626 2261 generis
642 2179 713 2244 tolia
730 2201 788 2244 non
802 2184 937 2245 decidunt
950 2182 1048 2258 abieti,
1065 2181 1162 2262 larici,
1249 2239 1250 2244 ,

169 2269 314 2347 pinastro,
329 2268 468 2346 iunipiro,
485 2267 592 2342 cedro,
609 2267 789 2342 terebintho,
804 2266 899 2340 buxo,
915 2265 990 2340 ilici,
1006 2265 1161 2344 aquifolio,

66 2363 74 2376 ⁸
168 2351 282 2427 suberi,
299 2359 386 2426 taxo,
407 2349 544 2411 tam'arici.
574 2351 648 2407 inter
661 2357 783 2426 utruque
798 2365 907 2426 genera
922 2356 987 2418 sunt
1001 2349 1160 2411 andrachle
1170 2375 1197 2414 es

166 2437 195 2494 in
210 2433 330 2494 Grac‘cia
349 2432 496 2510 etublque
511 2429 615 2491 unedo.
649 2430 762 2510 reliqua
778 2432 851 2492 enim
867 2432 936 2494 lolia
951 2433 1087 2494 decidunt
1102 2432 1159 2511 his,

168 2525 368 2596 praeterquam
383 2517 410 2573 in
426 2511 628 2574 cacuminibus.
658 2531 716 2574 non
731 2515 867 2575 decidunt
884 2525 978 2578 autem
994 2518 1063 2577 etin
1077 2515 1159 2578 fruti·

126 2611 158 2665 81
170 2609 230 2661 cum
247 2615 356 2676 genere
373 2598 483 2659 cuidam
504 2596 577 2658 rubo
598 2606 627 2658 et
648 2597 768 2658 calamo.
811 2597 843 2660 ln
861 2598 985 2660 'lhurino
1001 2618 1088 2677 agro,
1109 2600 1160 2661 ubi

168 2683 285 2758 Sybaris
299 2681 366 2756 luit,
389 2699 426 2741 ex
440 2683 503 2760 ipsa
521 2681 592 2740 urbe
611 2681 842 2760 prospiciebatur
857 2701 981 2762 quercus
1003 2703 1057 2746 una
1079 2701 1157 2743 num-

168 2783 251 2846 quam
270 2763 340 2825 iolia
361 2763 502 2826 dimittens
524 2782 580 2824 nec
595 2773 661 2824 ante
681 2766 802 2827 mediam
824 2775 961 2828 aestatem
980 2770 1155 2846 germinans.
1167 2793 1196 2835 aa

123 2883 125 2892 ·
167 2851 253 2930 idque
268 2850 365 2909 mirum
378 2859 423 2910 est
438 2848 556 2910 Graecis
568 2848 732 2909 auctoribus
746 2849 889 2930 proditum
901 2851 974 2929 apud
988 2868 1041 2911 nos
1053 2859 1157 2930 postea
1193 2852 1205 2864 “

167 2934 256 2995 sileri.
288 2951 352 2993 nam
369 2933 500 2993 locorum
514 2940 589 2993 tanta
607 2933 650 2992 vis
665 2941 710 2992 est
724 2941 754 2992 ut
767 2933 843 2994 circa
860 2931 1012 3013 blemphim
1026 2933 1160 3014 Aegypti

167 3027 197 3078 et
210 3019 238 3077 in
254 3015 444 3096 Elephantine
460 3014 613 3076 Thebaidis
628 3015 698 3077 nulli
719 3014 851 3078 arborum
868 3017 1017 3095 decidant,
1038 3036 1075 3079 ne
1090 3019 1155 3080 uiti·

167 3101 221 3161 bus
236 3101 358 3179 quidam.

125 3193 160 3248 δε
231 3185 281 3245 22.
305 3185 388 3263 (34.)
418 3180 541 3244 Ceterae
558 3198 657 3242 omnes
672 3192 752 3244 extra
767 3184 946 3261 praedictas,
961 3185 1067 3245 etenira
1084 3202 1153 3246 enu·
1164 3207 1193 3248 as

167 3285 278 3328 merare
297 3268 413 3344 longum
427 3276 482 3343 est,
498 3265 752 3347 ioliaxdcperdunt,
767 3266 1009 3346 observatumque
1023 3284 1080 3327 non
1090 3286 1155 3330 are·

167 3367 252 3410 scere
267 3352 320 3412 nisi
342 3351 437 3410 tenuia
456 3360 484 3410 et
508 3349 564 3411 lata
589 3356 618 3409 et
639 3348 751 3426 mollia,
774 3367 847 3429 quae
863 3368 935 3410 vero
950 3367 1007 3410 non
1022 3350 1156 3436 decidant

95 3499 98 3504 ,
168 3433 243 3496 callo
259 3451 357 3494 crassa
372 3443 401 3494 et
413 3443 532 3512 angusta
547 3449 624 3494 esse.
652 3433 726 3496 falsa
742 3433 868 3496 definitio
884 3444 929 3495 est
944 3451 1000 3494 non
1015 3434 1153 3496 decidere
