2534 3866
198 173 237 234 64
289 147 294 158 ’
540 180 569 229 c.
585 179 680 227 sunu
695 129 843 226 cucuron

197 337 254 398 culi
269 343 411 415 petuntur.
443 334 559 394 oleis
533 352 612 396 circa
624 331 718 393 media
729 349 828 407 sucus,
844 329 910 390 inde
926 327 1081 390 etsurculi.
1097 345 1178 390 cacu-

156 429 207 485 104
218 423 290 480 mina
306 421 409 478 sitiunt.
436 418 570 478 facillime
587 417 754 476 coalescunt
768 415 870 493 quibus
885 411 987 472 eadem
1003 412 1120 470 corticis
1132 430 1178 472 ua·

196 515 259 564 tura
279 519 410 580 quaeque
437 503 545 579 pariter
567 501 697 560 lloreotia
718 497 845 558 eiusdem
870 494 960 555 horae
982 496 1179 570 cognationem

119 608 122 618 ¹
197 603 386 665 sucorumque
401 586 568 644 societatem
585 581 700 642 habent.
729 582 806 642 lento
821 598 869 638 res
883 588 944 654 est,
968 579 1101 656 quotiens
1113 580 1178 636 umi-

197 671 241 730 dis
257 679 418 748 repugnant
432 669 521 742 sicca,
537 665 670 726 mollibus
687 667 824 724 corticum
845 662 916 724 duri.
949 663 1061 739 reliqua
1083 660 1179 722 obser·
1191 675 1204 715 ⁵

175 755 274 817 vatio
287 771 322 812 ns
334 754 471 812 fissurain
482 751 558 809 nodo
569 749 616 807 liat
629 781 672 796 -ψ
686 745 817 825 repudiat
831 747 938 825 quippe
952 746 1091 807 advenam
1103 745 1179 805 inho-

133 909 136 915 ·
199 837 309 915 spitalls
326 837 500 910 duritia,-
459 842 545 893 -ut
562 834 590 890 iu
611 841 693 909 parte
714 830 896 905 nitidissima,
920 848 956 890 oe
977 829 1092 906 longior
1112 827 1180 888 mul·

156 932 205 984 105
218 930 247 981 to
268 919 358 980 tribus
375 919 486 994 digitis,
510 935 546 975 ne
569 914 701 993 obliqua,
722 933 758 974 oe
779 913 968 974 translucens.
998 911 1179 988 Vergiliuse

198 1005 343 1064 cacumine
370 1002 456 1060 inseri
482 1008 576 1074 vetat,
605 1007 771 1076 certumque
801 1005 846 1056 est
869 995 904 1056 ab
925 997 1033 1056 umeris
1050 993 1180 1056 arborum

198 1090 336 1148 orientem
350 1085 489 1143 aestivum
505 1081 702 1180 spectantibus
715 1080 846 1140 surculos
861 1078 1020 1180 petendos,
1031 1087 1059 1138 et
1075 1097 1092 1138 e
1107 1080 1180 1141 lera-
1192 1094 1216 1136 ro

108 1180 111 1192 ¹
198 1171 278 1230 cibus
294 1177 324 1226 et
338 1186 355 1226 e
372 1169 501 1244 germine
513 1166 647 1240 novello,
665 1166 719 1224 nisi
734 1165 869 1238 vetustati
884 1164 996 1224 arboris
1012 1164 1179 1224 inserantur.

196 1255 215 1312 ii
232 1253 305 1310 enim
320 1251 498 1310 robustiores
510 1267 577 1308 esse
589 1248 705 1309 debent.
728 1256 879 1326 praeterea
891 1257 920 1308 ut
931 1255 1115 1326 praegnates,
1127 1247 1182 1306 lroo

198 1344 242 1394 est
256 1337 447 1411 geminatione
459 1343 606 1410 turgentes
621 1340 650 1391 et
667 1333 713 1409 qoi
726 1349 831 1410 parere
843 1331 893 1392 illo
906 1331 1087 1411 speraverint
1098 1348 1180 1407 anno,

156 1429 206 1482 106
217 1417 283 1476 bimi
297 1420 394 1518 utique
409 1435 463 1476 nec
480 1419 626 1476 tenuiores
642 1415 731 1490 digito
747 1416 881 1474 minume
912 1416 1073 1474 inseruntur
1089 1424 1181 1476 autem

197 1511 226 1562 et
241 1503 364 1576 inversi,
381 1519 444 1562 com
463 1501 493 1561 id
508 1501 601 1576 agitur
622 1507 652 1556 ut
668 1501 759 1557 minor
774 1497 922 1558 altitudo
914 1516 942 1557 ιιι
958 1497 1132 1558 latitudinem
1148 1517 1180 1558 se
1194 1513 1216 1552 ιι

197 1585 303 1645 lundat.
335 1594 400 1645 ante
412 1585 504 1645 omnia
516 1583 685 1660 gemmantis
700 1583 791 1641 nitere
808 1583 970 1657 conveniet,
985 1581 1054 1641 nihil
1065 1600 1182 1661 usquam

197 1670 360 1728 ulcerosum
384 1686 451 1728 esse
475 1677 521 1727 ant
543 1664 723 1727 retorridum.
755 1666 819 1743 spei
841 1665 920 1726 favet
934 1664 1059 1727 medulla
1081 1666 1182 1730 calami
1253 1621 1254 1722 l

199 1753 413 1826 commissurae,
430 1753 454 1810 si
470 1753 497 1810 in
513 1761 603 1809 matre
619 1751 687 1825 ligni
703 1751 879 1829 corticisque
895 1752 1035 1827 iungatur
1068 1749 1094 1808 id
1110 1752 1182 1810 enim

198 1837 285 1895 'satius
302 1853 385 1913 quam
400 1835 470 1894 loris
485 1835 587 1893 cortici
602 1835 728 1910 aequari
759 1833 861 1894 calami
883 1834 1014 1894 exacutio
1031 1833 1182 1894 medullam
1253 1861 1254 1870 ι

196 1936 233 1977 ne
247 1919 343 1978 nudet.
358 1927 452 1978 tamen
463 1917 540 1977 tenui
553 1909 646 1976 fistula
658 1916 784 1994 detegat,
795 1927 825 1977 ut
836 1916 981 1994 instigatio
995 1917 1051 1978 levi
1058 1917 1180 1978 descen
1169 1937 1216 1976 co

111 1997 113 2008 ’
197 2002 245 2061 dat
260 2018 351 2062 cuneo
368 2000 459 2060 tribus
470 2018 527 2060 non
547 2001 686 2078 ampliore
706 2001 812 2078 digitis,
827 2001 904 2100 quod
917 2001 1052 2063 facillime
1073 2003 1180 2062 contiu-

153 2093 204 2148 107
212 2085 254 2159 git
264 2085 380 2144 tinctum
392 2103 465 2163 aqua
476 2085 651 2144 radentibus.
668 2101 704 2142 ne
717 2087 892 2144 exacuatur'
884 2103 911 2144 ιιι
922 2094 1020 2159 vento,
1032 2103 1068 2145 ne
1080 2094 1182 2146 cortex

197 2167 305 2243 aligoo
322 2168 444 2228 decedat
466 2168 603 2228 alterutri.
636 2168 761 2227 calamus
778 2167 813 2227 ad
833 2169 970 2227 corticem
991 2187 1082 2246 usque
1100 2187 1182 2228 suum

196 2251 379 2350 deprimatur.
406 2270 441 2310 ne
457 2243 590 2328 laxetu'r,
611 2251 675 2310 dum
690 2251 871 2329 deprimitur,
885 2269 959 2312 neve
977 2261 1079 2312 cortex
1091 2252 1181 2330 repli-

197 2344 277 2416 cetup
296 2335 323 2392 io
344 2351 439 2411 rugas.
469 2335 534 2394 idco
547 2335 720 2396 lacrimantis
737 2333 896 2392 calamos
888 2335 974 2394 soseri
990 2352 1046 2394 ooo
1063 2345 1182 2413 oportet
1191 2353 1217 2394 ιι

195 2434 262 2490 ooo,
274 2415 524 2494 Hercules,magis
536 2435 619 2496 quam
629 2417 737 2492 aridos,
748 2417 812 2494 quia
827 2416 878 2477 illo
892 2418 977 2478 modo
991 2418 1070 2478 lebat
1082 2436 1183 2479 umore
1252 2459 1253 2462 ι

194 2500 280 2558 ιιίιιιίο
296 2509 413 2573 cortex
437 2501 492 2560 hoc
507 2501 588 2559 vitali
607 2500 722 2559 delectu
742 2517 801 2582 ιιοιι
813 2504 934 2562 umescit
947 2519 1041 2580 oeque
1057 2519 1182 2563 eoncor-
1252 2529 1253 2576 3

154 2592 204 2646 loo
215 2591 306 2659 porat.
329 2584 357 2643 id
373 2585 456 2642 etiam
466 2583 612 2658 religionis
625 2592 751 2659 servant,
763 2593 793 2644 ut
809 2585 875 2647 lona
887 2594 1052 2660 crescente,
1062 2595 1092 2646 ut
1105 2589 1182 2658 cala·
1252 2593 1253 2628 ³

194 2671 385 2744 musutraque
401 2667 573 2745 deprimatur
586 2685 677 2726 manu.
703 2676 733 2727 et
746 2669 872 2746 alioquin
889 2668 968 2728 hoc
960 2687 987 2728 ro
1000 2685 1089 2747 opere
1106 2671 1183 2731 duae

197 2749 278 2808 simul
290 2765 388 2809 marrus
405 2753 494 2810 minus
508 2752 640 2825 nituntur,
656 2753 825 2811 necessario
843 2760 1079 2830 temperamento.
1109 2754 1218 2815 vall-co

195 2832 257 2892 dius
268 2833 383 2893 demissi
394 2834 501 2893 tardius
512 2834 615 2907 lerunt,
623 2832 723 2893 lortius
736 2835 845 2908 durent,
853 2838 995 2896 contraria
1004 2854 1041 2894 ex
1051 2834 1182 2896 diverso.

179 2923 231 2976 mc
249 2917 341 2978 lriscat
355 2918 468 2976 nimium
482 2919 550 2976 rima
566 2915 689 2994 laxeque
702 2919 806 2994 capiat,
819 2925 866 2976 aut
880 2935 916 2976 ne
928 2935 1026 2996 parum
1041 2927 1072 2978 et
1081 2922 1184 2997 ‚expri-

194 3010 252 3062 mat
270 3008 318 3061 aut
335 3016 519 3078 conpressum
533 3007 626 3057 necet
658 2999 715 3059 hoc
732 3017 860 3059 maxume
879 3001 1061 3061 cavendum
1053 3019 1081 3060 ιιι
1094 3019 1184 3080 prae-

154 3085 305 3147 109vallde
317 3083 483 3161 accipientis
498 3092 608 3140 trunco
624 3083 652 3141 in
663 3082 755 3142 media
766 3082 867 3142 fissura
880 3083 1049 3161 relinquant.
1066 3085 1185 3162 quidam

144 3206 146 3218 ι
195 3167 317 3264 vestigio
330 3167 448 3224 lissuras
466 3165 569 3228 ialce'
562 3183 589 3222 ιιι
603 3167 710 3224 truncis
725 3165 802 3226 lacto
822 3165 911 3226 salice
928 3166 1089 3244 praeligant
1104 3185 1184 3230 mar·
1173 3186 1220 3228 -ss

194 3251 290 3325 ginem
307 3250 414 3325 ipsum,
437 3256 537 3326 postea
553 3265 644 3308 cuneo
662 3247 767 3307 lindont
781 3250 943 3310 continente
959 3249 1074 3310 vinculo
1089 3251 1185 3314 liber·
1251 3319 1252 3326 ,

195 3340 281 3390 tatem
302 3329 478 3393 dehiscendi.
516 3332 686 3410 quaedam'
678 3348 706 3389 ιιι
732 3331 871 3409 plantario
897 3333 982 3393 insita
1005 3333 1110 3394 eodem
1134 3335 1186 3396 die

194 3413 409 3474 transferuutur.
436 3415 460 3474 si
479 3416 605 3475 crassior
625 3424 741 3475 muricus
763 3417 917 3492 inseratur,
938 3417 1012 3478 inter
1038 3419 1187 3483 corticem
