2534 3866
278 207 357 255 nar.
375 205 466 255 mam·
482 207 580 256 xv111.
594 192 679 258 tss-ss.
695 196 846 277 (rt—19.)
1016 198 1074 258 107

83 359 124 420 uia
136 360 280 430 domarat
295 369 325 420 et
339 360 492 438 Aegypto,
510 361 595 438 (17.)
609 359 733 434 amplum
746 377 818 419 vero
835 379 873 420 ex
889 365 964 422 omni
979 366 1075 425 tritico

20 495 21 506 ,
83 461 114 502 ao
127 443 249 520 siligine,
267 444 319 503 sed
334 453 511 522 optumume
532 436 677 504 trime'stri.
711 442 838 503 inventio
859 447 922 504 eius
941 445 1013 506 cmc
1034 452 1075 509 in·

83 527 156 587 aulae
176 526 309 602 debetur,
330 536 359 586 et
373 528 460 588 hodie
475 525 698 588 laudatissimum
712 527 779 587 inde
796 529 1028 607 estappellatum
1039 532 1075 591 ab

20 653 21 660 κ
83 627 115 671 eo
129 611 203 689 quod
219 611 283 670 sine
296 610 373 670 mola
389 611 446 670 liat.
473 628 642 690 proxumum
662 611 799 671 trimestri
820 611 933 690 quode
954 615 1076 674 minume

64 696 240 774 aponderoso
252 695 357 754 tritico.
373 696 514 756 madescit
525 694 601 754 dulci
613 711 688 772 aqua
699 694 727 753 in
739 695 844 772 ligneis
855 698 933 756 vasis
945 697 983 756 ita
994 706 1025 756 ut
1036 701 1076 757 in·

20 779 21 842 j
81 788 186 856 tegatur
197 780 368 859 quinquiens
379 781 407 838 in
419 779 465 839 die
479 787 594 853 mutata,
610 777 712 838 melius
726 777 751 838 si
766 787 795 838 et
810 789 913 859 noctu,
928 781 966 840 ita
983 789 1013 839 ut
1027 783 1077 840 nri·

81 859 188 923 coeatur
212 865 330 942 pariter.
362 861 520 922 emollitum
543 863 622 940 prius
648 879 732 939 quam
757 873 894 939 acescat,
916 864 1004 923 linteo
1032 873 1119 926 auttt

20 961 21 968 ¹
80 949 178 1024 sportis
197 953 359 1022 saccatum,
381 945 500 1024 tegulae
522 944 676 1004 infunditur
696 946 794 1006 inlitae
809 945 968 1026 fermento,
991 957 1077 1026 atque
1100 1003 1101 1008 ,

20 1075 21 1088 i
80 1031 114 1090 ita
128 1031 154 1089 in
168 1031 234 1091 sole
250 1031 396 1090 densatum.
426 1037 496 1107 post
510 1025 612 1090 Chitnn
626 1045 756 1088 maxume
772 1029 902 1090 laudatur
921 1028 1076 1107 Creticum,

20 1133 21 1160 t
54 1131 142 1180 innox
157 1107 353 1192 Aegyptium,
372 1147 414 1160 -—
427 1112 568 1190 probatur
583 1120 677 1170 autem
691 1113 794 1172 levore
811 1122 840 1172 et
854 1113 973 1174 leuitate
991 1124 1077 1193 atque

20 1233 21 1280 p
80 1206 106 1257 ut
121 1215 223 1257 recens
240 1199 287 1272 sit,
304 1231 345 1243 -
362 1198 417 1256 iam
433 1204 461 1255 et
477 1194 595 1256 Catonis
612 1195 719 1255 dictum
736 1196 811 1274 apud
825 1214 888 1256 nos.
1087 1191 1092 1200 '

20 1283 21 1356 ,
138 1283 220 1362 (18.)
243 1280 351 1342 Hordei
364 1281 456 1341 facim
471 1288 502 1339 et
517 1279 554 1339 ad
574 1279 746 1340 medendum
767 1288 895 1356 utuntur,
917 1283 1119 1360 nummqaeta
1161 1317 1164 1321 ·

79 1365 104 1422 in
116 1383 167 1425 usu
182 1369 374 1425 iumentorum
389 1363 502 1441 ignibus
523 1363 624 1424 durato
646 1381 682 1423 ac
700 1371 805 1442 postea
829 1364 930 1424 molito
953 1366 1076 1445 offisque

79 1448 191 1510 humana
207 1467 292 1508 manu
308 1449 441 1509 demissis
458 1448 499 1526 [in
515 1447 623 1526 alvom]
638 1447 764 1507 maiores
783 1450 825 1506 eis
847 1449 916 1508 viris
937 1459 1076 1529 torosque

54 1535 205 1610 15corporis
220 1533 293 1593 lieri.
325 1533 431 1611 Spicae
447 1531 587 1609 quaedam
601 1529 686 1590 binos
707 1531 825 1590 ordines
845 1531 967 1607 hahent,
990 1552 1076 1612 quac·

80 1617 138 1676 darn
146 1617 237 1696 pluris
250 1634 343 1694 usque
355 1616 391 1676 ad
404 1631 501 1674 senos.
514 1630 606 1691 grano
618 1615 674 1691 ipsi
683 1614 795 1690 aliquot
807 1613 1001 1676 differentiae:
1015 1616 1075 1675 lon·

79 1702 137 1775 gius
153 1701 307 1776 leviusque
323 1707 371 1758 aut
388 1698 505 1758 brevius
524 1706 573 1758 aut
592 1696 760 1770 rotundius,
783 1691 930 1757 candidius
955 1701 1075 1775 nigrius·

80 1799 132 1860 que
142 1785 191 1844 vel
203 1783 250 1842 cui
261 1798 388 1860 purpura
403 1789 457 1839 cst.
479 1779 578 1840 ultimo
591 1781 626 1840 ad
638 1779 795 1858 polentam,
810 1788 909 1840 contra
921 1790 1075 1859 tempesta·

20 1899 22 1940 r
78 1867 110 1926 tis
125 1865 246 1927 candido
262 1881 391 1924 mumma
406 1861 562 1924 infirmitas.
583 1863 731 1924 Hordeum
744 1863 858 1940 frugum
871 1867 995 1924 omnium
1005 1866 1075 1925 mol·
1085 1876 1118 1932 79

20 1947 22 1958 ¹
53 1949 214 2013 alissimunr
231 1956 286 2007 est.
316 1949 376 2007 seri
390 1963 449 2006 non
464 1946 525 2006 volt
540 1949 594 2006 nisi
609 1949 637 2006 in
650 1950 730 2008 sicca
742 1957 771 2007 et
781 1947 875 2010 soluta
888 1959 964 2009 terra
977 1968 1011 2009 ac
1022 1952 1077 2010 nisi

79 2033 161 2095 laeta.
193 2031 278 2110 palea
294 2049 333 2090 ex
347 2033 487 2108 optumis,
511 2039 666 2090 stramento
681 2049 753 2092 vero
771 2031 878 2092 nullum
891 2043 1075 2116 conparatur.

78 2115 216 2178 hordeum
229 2134 267 2175 ex
279 2116 353 2175 omni
366 2114 507 2174 frumento
519 2114 641 2173 minume
649 2113 855 2191 calamitosum,
867 2118 932 2194 quia
944 2127 1010 2178 ante
1022 2119 1076 2178 tol·

79 2199 141 2261 litur
156 2218 240 2280 quam
257 2200 381 2259 triticum
397 2206 523 2276 occupet
533 2196 648 2273 robigo,
662 2199 759 2275 itaque
770 2201 918 2276 sapientes
929 2203 1076 2276 agricolae

79 2288 201 2346 triticum
216 2283 330 2344 cibariis
346 2290 451 2342 tantum
467 2290 581 2356 serunt,
596 2280 736 2340 hordeum
752 2280 870 2341 sacculo
891 2283 950 2342 seri
968 2283 1074 2342 dieunt.
1185 2311 1188 2320 =

54 2378 236 2447 eapropterea
258 2366 410 2426 celerrime
431 2367 523 2441 redit,
543 2364 806 2441 fertilissimumque
830 2365 907 2442 quod
927 2367 955 2426 in
975 2365 1119 2444 Hispa-30

80 2451 141 2511 niae
159 2451 334 2526 Carthagine
347 2449 442 2528 Aprili
456 2467 556 2509 mense
573 2448 728 2510 collectum
744 2457 797 2508 cst.
829 2448 886 2508 hoc
907 2450 1012 2510 seritur
1027 2467 1076 2510 eo·

81 2533 143 2594 dem
157 2553 257 2594 mense
272 2536 300 2593 in
316 2532 484 2608 Celtiberia,
503 2533 666 2610 eodemque
681 2549 754 2593 anno
768 2531 814 2592 his
828 2534 963 2594 nascitur.
1000 2537 1076 2613 rapi·

81 2625 124 2677 tur
138 2635 254 2677 ornnea
272 2619 362 2696 prima
377 2619 473 2676 statim
485 2619 647 2678 maturitate
659 2616 841 2676 festinantius
862 2635 946 2696 quam
966 2627 1075 2678 cetera.

20 2761 21 2782 ,
81 2700 174 2778 fragili
197 2703 273 2760 enim
293 2700 397 2779 stipula
416 2709 446 2759 et
466 2702 629 2760 tenuissima
652 2699 736 2776 palea
761 2717 879 2776 granum
903 2703 1074 2762 continetur.

20 2783 21 2790 ’
39 2786 235 2845 unelioren
254 2787 337 2844 ctiam
353 2785 500 2860 polentam
515 2783 577 2840 lieri
592 2782 715 2856 tradunt,
735 2784 829 2842 sinon
848 2793 970 2844 excocta
989 2795 1075 2844 matu·
1128 2829 1131 2831 »

82 2870 163 2928 ritate
180 2868 306 2928 tollatur.

143 2953 171 3014 8.
194 2952 275 3031 (19.)
300 2950 444 3010 Frumenti
459 2966 568 3028 genera
584 2964 641 3006 non
655 2947 756 3008 eadem
767 2947 883 3027 ubique,
900 2948 1014 3010 necubi
1029 2959 1116 3013 ets-81

83 3033 145 3094 dem
159 3045 224 3096 sunt
235 3035 337 3095 iisdem
353 3027 522 3093 nominihus.
553 3031 750 3108 volgatissima
767 3030 825 3109 far,
848 3033 926 3111 quod
941 3032 1077 3092 adoreum

83 3127 198 3179 veteres
221 3118 426 3197 appellavere,
452 3117 554 3194 siligo,
571 3115 703 3174 triticum.
734 3117 807 3175 haec
832 3116 969 3194 plurumis
992 3119 1077 3178 terris

56 3204 250 3262 ucommnnia.
283 3202 380 3260 arinca
401 3199 555 3260 Galliarum
576 3201 692 3278 propria
714 3201 833 3278 copiosa
856 3209 885 3258 et
906 3197 1005 3260 ltaliae
1021 3209 1076 3276 est,
1140 3255 1143 3262 .

84 3284 217 3365 Aegypto
231 3293 324 3344 autern
335 3303 370 3344 ac
384 3284 486 3359 Syriae
499 3281 677 3360 ciliciaeque
690 3282 813 3342 etAsiae
828 3299 863 3340 ac
875 3281 1014 3344 Graeciae
1027 3302 1077 3362 pe·

86 3369 206 3429 carliares
221 3385 291 3442 aea,
313 3367 410 3443 olyra,
432 3366 522 3446 tiphe.
557 3364 709 3443 Aegyptus
723 3364 908 3442 similaginem
928 3368 1043 3428 conficit
1059 3377 1119 3430 est

85 3454 176 3512 tritico
200 3468 252 3512 suo
276 3467 457 3529 nequaquam
476 3449 575 3510 ltaliae
598 3465 707 3528 parern.
749 3450 797 3526 qui
818 3466 869 3508 nea
889 3459 1001 3510 utuntur
1021 3468 1077 3512 non
