2538 3864
227 279 229 286 1
300 265 722 320 nnn.u1sn.xx11.1t-21.
742 259 896 395 ito-nc.)
1050 262 1112 325 275
1184 233 1201 345 s

7 435 8 438 ’
104 391 177 484 haec
199 423 310 482 niseum
330 421 479 482 ulceribus
499 423 688 484 utilissimum.
720 425 843 484 omnium
859 434 953 486 autem
972 433 1147 538 genernm'

48 564 51 572 ,
105 525 204 568 eorum
220 505 336 566 radices
354 506 557 584 scorpionibus
573 509 774 574 adversantur.
1093 551 1100 560 ,

135 589 218 650 019
243 587 327 668 (22.)
352 586 526 670 Coronopus
539 591 666 669 oblonga
677 593 769 653 herba
782 602 827 653 est
838 610 903 652 cnm
917 593 1038 654 lissuris
1060 614 1105 656 se·
1120 604 1155 660 48

105 675 176 734 ritur
191 674 304 734 interim
312 676 471 753 ,quoniam
482 673 565 736 radix
578 677 716 736 coeliacis
730 677 887 756 praeclare
896 677 984 737 iacit
976 680 1114 788 incinere

84 767 193 818 stuata.

167 840 216 900 20.
238 839 323 918 (23.)
345 839 383 901 llt
398 841 542 902 anchusae
558 788 665 904 radix·
656 863 685 904 m
702 862 756 904 usu
771 853 817 905 est
824 845 960 922 ,digitali
975 848 1112 906 erassitu-

61 925 180 986 (Line
198 924 313 985 linditur
324 941 427 1006 papyri
420 926 525 986 modo
541 943 700 1006 manusque
713 919 805 988 inlicit
821 930 980 1006 sanguineo
998 929 1112 1006 colore,

10 1040 19 1046 ·
103 1018 258 1108 praeparat
282 1009 362 1069 lanas
385 1010 522 1089 pretiosis
546 1011 706 1072 coloribus.
739 1021 821 1072 sanat
836 1013 962 1078 ulcera·
953 1031 982 1072 nn
999 1023 1110 1090 cerato,

103 1094 262 1172 praecipue
286 1111 402 1169 senum,
426 1095 494 1153 item
508 1093 619 1155 adusta.
652 1096 757 1180 liquari
776 1111 835 1156 non
852 1105 952 1176 potest
972 1098 1009 1156 in.
1027 1115 1111 1176 aqna,

70 1178 173 1238 rooleo
191 1177 374 1254 dissolvitur,
397 1178 484 1256 idque
499 1179 634 1245 sincerae
652 1183 880 1258 experimentum
898 1189 952 1242 est.
983 1180 1076 1246 datur
1080 1189 1156 1244 etih

75 1261 137 1321 ad
158 1261 268 1320 renium
284 1261 403 1324 dolores
425 1261 561 1322 drachma
577 1263 640 1322 eius
656 1265 738 1362 potui
758 1265 786 1323 in
802 1265 871 1324 ΤΤΤΤ
889 1273 953 1339 aut,
979 1265 1013 1324 si
1011 1263 1112 1324 febris

102 1347 154 1422 sit,
172 1347 200 1404 in
219 1344 472 1421 decoctohalani,
485 1346 769 1406 iteminiocinerum
781 1332 1112 1408 uitiisetlienisethile

7 1491 9 1496 ,
102 1391 238 1489 subfusis.
264 1429 355 1507 lepris
372 1438 402 1489 et
417 1429 548 1506 lentigini
563 1429 689 1490 inlinitur
703 1449 742 1489 ex
755 1441 851 1491 aceto
879 1431 952 1491 folia
967 1431 1033 1492 trita
1049 1449 1113 1491 cum

102 1513 188 1571 melle
205 1522 234 1572 et
247 1512 338 1584 [arina
352 1514 457 1574 luxatis
472 1515 663 1591 inponuntur,
680 1523 709 1573 et
725 1523 794 1594 pota
806 1513 951 1574 drachmis
963 1515 1091 1574 duahns'
1084 1535 1114 1576 rn

70 1595 197 1661 emulso
219 1595 314 1654 alvom
338 1599 449 1654 sistunt.
487 1597 601 1672 pulices
622 1613 731 1656 necare
751 1597 834 1656 radix
854 1597 883 1655 in
900 1614 974 1675 aqna
990 1597 1113 1659 decocta
1183 1656 1185 1664 ,
1230 1649 1232 1658 .

104 1678 234 1738 traditor.

169 1759 253 1841 (24.)
276 1757 330 1819 Est
351 1767 380 1818 et
395 1751 450 1819 alia
472 1760 580 1820 similis
593 1761 838 1842 pseudoanchusa
854 1762 891 1822 ob
909 1762 937 1822 id
952 1765 1110 1842 appellata,
1120 1777 1155 1830 50

104 1863 120 1906 a
137 1843 306 1943 ΤΤΤΤΤΤΤΤΤΤ
317 1860 390 1903 vero
406 1841 487 1902 echis
502 1854 550 1904 aut
563 1845 642 1905 doris
655 1849 684 1904 et
697 1846 792 1905 multis
804 1845 869 1905 aliis
883 1847 1054 1924 nominihus,
1071 1850 1111 1910 la·

104 1912 273 2006 unginoslor
294 1936 323 1986 et
348 1929 448 1988 minus·
461 1929 592 2006 pinguis,
623 1927 802 1988 tenuioribus
822 1929 901 1989 loliis
926 1930 1111 2008 languidiori·

68 2013 168 2077 nehus.
202 2012 311 2071 radix
303 2029 332 2072 rn
353 2011 422 2070 oleo
441 2011 610 2073 confundit
631 2011 803 2088 rubentem
806 2029 922 2089 sucum,
947 2023 977 2074 et
999 2015 1056 2076 hoc
1073 2015 1109 2077 ab

105 2095 233 2157 anchusa
245 2095 426 2155 discernitur.
455 2105 556 2156 contra
568 2097 714 2174 serpentis
725 2095 928 2156 efficacissima
943 2109 1012 2176 potu
1026 2099 1110 2160 totio·
1155 2117 1157 2122 ’
1194 2105 1196 2110 ’

104 2199 167 2241 rum
187 2179 235 2239 vel
258 2180 384 2239 seminis.
424 2179 494 2239 lolia
517 2179 620 2239 ictibus
644 2181 826 2256 inponuntur.
862 2181 942 2240 virus
965 2187 1111 2261 serpentis
1148 2244 1153 2253 ‚
1193 2232 1196 2238 .

103 2265 195 2342 lugat.
227 2262 332 2324 bibitur
345 2273 374 2323 et
385 2273 510 2344 ,propter
525 2264 645 2342 spinam.
671 2263 771 2330 lolium
787 2264 850 2322 eius
865 2263 1111 2344 sinistra‘decerpi

104 2347 204 2412 iubent
215 2347 308 2425 Magi,
326 2356 356 2407 et
370 2348 450 2408 cuius
467 2364 554 2408 causa
567 2355 693 2406 sumatur
704 2346 760 2406 dici
775 2347 964 2426 tertianisque
979 2347 1110 2408 febribus

68 2456 95 2496 25
106 2431 266 2508 adalligari.
1261 2483 1262 2486 ,

168 2515 219 2574 21.
233 2513 327 2614 (25.)
351 2513 403 2574 Est
427 2523 456 2574 et
473 2515 528 2575 alia
546 2514 641 2575 herba
659 2515 780 2594 proprio
804 2515 919 2574 nomine
942 2515 1108 2592 onochilon,
1118 2525 1152 2580 51

107 2617 191 2678 quam
207 2593 302 2676 aliqui
310 2599 464 2658 anchusam
478 2607 601 2674 vocant,
618 2597 666 2658 alti
682 2597 855 2675 archebion,
872 2598 920 2658 alii
934 2599 1109 2675 machelin,

106 2682 194 2760 aliqui
211 2681 355 2757 rhexiam,
371 2682 450 2743 multi
466 2681 654 2780 enchrysanr,
671 2699 761 2761 parro
777 2682 880 2742 frutice
890 2681 986 2768 ,llorp
1002 2699 1109 2762 purpu-

105 2783 159 2826 reo
168 2765 309 2864 ,asperis
324 2761 401 2826 loliis
418 2774 447 2824 et
461 2765 563 2840 ramis,
589 2765 688 2825 radice
704 2764 847 2824 messibus
863 2769 1037 2842 sanguinea,
1062 2783 1109 2826 ee-

69 2860 170 2910 sotero
194 2851 291 2926 nigra,
319 2850 347 2907 in
373 2849 518 2913 sabulosis
542 2865 682 2922 nascens,
709 2847 815 2908 elhoax
839 2857 938 2908 contra
966 2851 1109 2927 serpentis

105 2950 296 3011 maxumeque
311 2933 443 3010 viperas,
463 2941 497 2992 et
510 2931 608 2992 radice
624 2940 653 2992 et
668 2931 764 3008 foliis,
785 2950 879 3011 aeque
895 2933 961 2992 cibo
978 2948 1013 2992 ac
1029 2939 1107 3010 potu.

108 3018 177 3076 viris
197 3017 285 3076 habet
302 3013 454 3076 messibus.
483 3015 554 3076 lolia
578 3017 643 3074 trita
658 3015 778 3083 odorem
798 3017 958 3076 cucumeris
975 3014 1107 3074 reddunt.

108 3102 191 3161 datur
205 3101 233 3160 in
248 3099 358 3175 cyathis
370 3099 460 3160 trihus
473 3100 559 3160 volva
576 3097 755 3177 procidente.
785 3099 867 3176 pellit
879 3107 908 3158 et
923 3099 1033 3158 taenias
1045 3095 1150 3163 cumbi

106 3186 241 3263 hysopo,
266 3193 295 3243 et
312 3187 339 3243 in
355 3183 457 3244 dolore
473 3184 581 3242 renium
600 3189 647 3242 aut
662 3183 798 3242 iocineris
813 3201 850 3242 ex
866 3199 939 3262 aqua
952 3181 1060 3258 nnrlsa,
1083 3183 1108 3244 si

70 3267 200 3334 salebris
218 3269 271 3343 sit,
290 3269 333 3326 sin
344 3268 447 3341 aliter,
465 3269 561 3326 suino
581 3264 695 3325 bibitur.
725 3265 853 3343 lentigini
870 3283 905 3326 ac
921 3265 1012 3344 lepris
1021 3266 1110 3333 ⁴radin

107 3352 244 3412 inlinitur.
274 3350 414 3410 hahentes
426 3365 491 3422 pann
506 3367 522 3410 a
538 3347 738 3428 serpentibus
734 3350 814 3410 leriri
828 3357 978 3427 negantur.
1009 3347 1063 3409 Est
1078 3358 1108 3409 et

109 3437 166 3496 alia
181 3435 247 3496 huic
263 3434 364 3496 similis
379 3434 451 3494 flore
466 3433 570 3510 ruhro,
590 3433 699 3506 minor,
719 3436 770 3493 et'
761 3450 825 3522 rpsa
838 3431 875 3493 ad
892 3433 1013 3493 eosdem
1023 3451 1105 3509 usus,

110 3519 298 3599 traduntque,
317 3517 539 3581 conmanducata
555 3535 590 3578 ea
604 3519 630 3576 si
645 3517 808 3597 inspuetur,
825 3517 897 3579 mori
915 3525 1089 3596 serpentem.

884 3597 947 3664 18*
