2538 3864
294 202 374 250 nnn.
390 201 481 252 man.
497 203 556 250 xx.
573 199 693 254 aa—at.
713 192 882 268 (oo-loo.)
1028 190 1089 254 231

81 359 153 437 ipsa
167 356 249 417 radix
262 357 415 435 inponitur.
446 357 535 416 sicet
549 355 718 416 torminibus
733 356 880 431 medetur,
908 373 946 416 ex
960 357 1028 416 oleo
1041 375 1089 418 au·

97 451 148 501 tem
164 449 192 500 et
216 448 299 500 aceto
323 449 422 500 contra
439 439 562 500 sudores
579 440 739 502 inmodicos
757 438 807 498 vel
823 441 851 498 in
871 436 1001 499 febribus
1023 457 1089 518 pro·

95 525 157 584 licit.
188 541 272 584 sucus
291 523 403 584 ierulae
427 521 522 582 alvom
546 523 634 583 solvit
657 521 743 582 fabae
765 522 956 599 magnitudine
980 523 1131 589 devo-261

61 625 65 636 ·
95 617 178 668 ratus.
206 622 224 666 e
238 606 322 666 viridi
335 605 462 670 medulla
477 605 573 666 volvis
590 605 664 666 utilis
680 606 773 672 estad
788 606 881 665 omnia
897 623 931 664 ea
946 607 1023 667 vitia.
1055 607 1091 667 ad

74 691 255 768 ssanguinem
273 689 429 751 sistendum
452 692 553 752 decem
573 707 663 767 grana
685 689 802 747 seminis
823 688 956 748 bibuntur
973 690 1001 748 in
1024 686 1089 750 vino

94 777 154 834 trita
174 773 223 833 uel
242 773 381 834 medulla)
408 783 473 834 sunt
488 774 536 852 qui
556 771 746 833 comitialibus
768 772 876 832 morbis
898 771 1019 832 dandum
1039 791 1090 851 pu·

94 867 149 918 tent
166 857 232 917 luna
247 865 362 936 quarta,
383 863 485 932 sexta,
509 866 657 935 neptune,
680 855 807 933 lingulae
821 871 964 915 mensura.
991 865 1091 917 natura

13 969 15 974 ¹
93 941 243 1002 lerularnm
268 942 392 1001 morenis
414 938 600 1001 infestissima
616 949 681 1016 est,
704 948 799 998 tactae
824 940 965 1017 siqnidem
981 957 1015 999 ca
1029 957 1088 1000 mo-

93 1026 205 1084 riuntur.
235 1022 339 1085 Castor
360 1025 464 1086 radicis
481 1041 578 1084 sucum
600 1033 629 1084 et
650 1023 798 1084 oculorum
815 1022 937 1082 claritati
954 1023 1089 1083 conferre

58 1107 337 1186 romultumputavit.
863 1135 879 1152 ,

151 1191 235 1269 (99.)
258 1190 296 1252 Ει
319 1191 356 1252 de
382 1191 553 1252 carduorum
574 1199 638 1252 satu
665 1191 740 1250 inter
765 1187 913 1250 hortensia
936 1187 1132 1265 diximua‚262

91 1284 267 1354 quapropter
290 1285 320 1334 et
344 1276 514 1336 medicinam
541 1294 579 1336 cx
606 1274 650 1334 his
674 1291 731 1333 non
757 1272 930 1333 differamus.
956 1272 1131 1344 ‚silve-¹⁸·¹⁵²

13 1419 14 1426 ι
90 1361 185 1418 atrium
205 1377 320 1440 *genera
344 1369 408 1420 sunt
427 1358 500 1434 duo,
533 1375 617 1418 unum
644 1357 811 1417 fruticosius
838 1373 854 1416 a
881 1363 959 1414 terra
985 1359 1089 1434 statim,

90 1443 208 1502 alterurn
234 1441 367 1503 unicaule
397 1444 536 1504 crassius.
582 1441 696 1519 utrique
721 1439 793 1502 lolia
819 1455 927 1518 panca,
960 1441 1088 1518 spinosa,

56 1527 232 1586 rsmnricatis
249 1526 456 1601 cacuminibus,
483 1525 535 1586 sed
550 1526 624 1586 alter
639 1525 741 1586 liorem
758 1539 934 1602 purpureum
951 1524 1034 1583 mittit
1048 1526 1088 1585 in·

89 1618 134 1674 ter
153 1609 264 1668 medios
284 1609 404 1670 aculeos
424 1609 562 1669 celeriter
580 1615 783 1668 canescentem
806 1614 835 1665 et
858 1604 1010 1666 abeuntem
1025 1625 1089 1667 cum

90 1709 173 1768 aura,
196 1684 367 1770 σκόλυμον
385 1690 488 1758 Graeci
503 1699 621 1756 vocant,
647 1689 695 1750 hic
716 1699 866 1766 antequam
879 1687 982 1748 floreat
1001 1707 1067 1749 con·
1079 1700 1131 1755 263

90 1785 189 1836 tunsus
211 1784 297 1854 atque
318 1791 478 1853 expressus
503 1774 583 1834 inlito
608 1791 679 1833 suco
700 1773 849 1851 alopecias
871 1771 977 1849 replet.
1007 1774 1102 1834 radix»

57 1887 70 1904 ι
88 1861 294 1937 cuiuscumque
316 1876 354 1918 cx
370 1874 444 1937 aqua
465 1856 586 1918 decocta
608 1856 758 1936 potoribus
780 1856 855 1915 sitim
874 1855 973 1917 iacere
991 1874 1087 1917 narra·

52 1952 143 2004 totns.
187 1941 366 2004 stomachum
386 1940 560 2002 conroborat
583 1951 611 2001 et
633 1941 743 2016 volvis,
768 1940 794 1998 si
817 1938 974 2015 credimus,
1003 1941 1089 2000 etiarn

89 2025 226 2086 conferre
242 2022 349 2102 aliquid
367 2026 486 2085 traditur
500 2033 531 2083 ut
551 2043 645 2084 mares
663 2026 826 2101 gignantur.
856 2023 885 2083 id
905 2023 978 2084 cuim
995 2021 1087 2085 Chae·

87 2127 159 2170 reae
187 2109 322 2170 Glaucias
349 2109 503 2186 adscripsit
528 2104 582 2187 qui
606 2109 683 2168 circa
710 2105 833 2168 carduos
854 2105 1087 2184 diligentissimus

87 2193 212 2260 videtur.
243 2191 382 2252 mastiche
398 2210 415 2251 c
430 2191 543 2252 carduis
557 2191 677 2252 odorem
691 2189 871 2250 commendat
885 2189 954 2248 oris.

151 2275 202 2337 24.
227 2275 332 2355 (100.)
355 2274 414 2336 Sed
432 2275 590 2336 discessuri
605 2273 642 2333 ab
657 2273 812 2335 hortensiis
832 2290 916 2334 unam
934 2274 1067 2350 conposi-
1078 2283 1130 2338 264

50 2374 77 2414 ²⁵
88 2363 196 2422 tionem
214 2378 251 2419 ex
265 2359 309 2420 hia
325 2358 511 2419 clarissimam
528 2357 706 2418 subteximus
720 2357 859 2418 adversus
874 2365 1015 2415 venenata
1030 2358 1088 2416 ani·

87 2443 173 2503 malla
191 2444 310 2504 incisam
326 2443 354 2502 iu
368 2442 464 2520 lapide
479 2442 611 2502 versibus
624 2439 677 2501 Coi
699 2442 727 2500 in
745 2440 818 2501 aede
834 2439 1008 2519 Aesculapi:
1027 2458 1087 2501 ser·

88 2525 162 2604 pylli
178 2526 261 2586 duum
276 2525 456 2586 denariorum
471 2526 600 2604 pondua,
619 2526 796 2604 opopanacis
811 2533 840 2584 et
854 2523 911 2582 mei
924 2524 1088 2584 tantundem

87 2608 283 2684 singulorum,
304 2608 393 2669 triioli
416 2611 532 2669 seminis
554 2610 666 2687 pondus
682 2609 795 2683 denari,
823 2607 905 2668 anesi
923 2615 952 2666 et
970 2605 1088 2669 feniculi

87 2692 207 2752 seminis
234 2699 264 2750 et
290 2693 344 2752 ami
371 2701 400 2753 et
420 2693 468 2769 api
492 2693 636 2752 denarium
657 2710 758 2751 serrum
779 2689 898 2767 singulis
917 2690 1085 2767 generibus,

49 2776 153 2835 acervi
175 2775 283 2836 farinae
309 2775 470 2836 duodecim.
504 2775 578 2834 haec
603 2783 685 2834 tunsa
710 2772 892 2853 cribrataque
914 2775 980 2835 virro
1004 2790 1088 2853 quam
1184 2768 1186 2776 ’

86 2859 185 2938 possit
201 2857 358 2920 excellenti
374 2858 541 2936 digeruntur
561 2859 589 2916 in
605 2857 737 2936 pastillos
755 2856 897 2916 victoriati
917 2855 1085 2933 ponderum.
1128 2893 1134 2901 -
1171 2872 1173 2882 ·

87 2960 129 3001 ex
151 2941 197 3001 his
219 2941 323 3017 singuli
339 2940 440 3001 dantur
461 2959 499 3000 ex
521 2941 578 3000 viui
597 2941 676 3000 mixti
695 2938 804 3014 cyathis
827 2938 926 3000 ternis.
956 2937 1010 2998 hac
1025 2937 1086 2998 the·

85 3025 171 3084 riace
186 3022 306 3102 biagnus
327 3023 485 3085 Antiochus
509 3042 563 3084 rex
582 3025 721 3084 adversus
746 3023 838 3084 omnia
858 3029 999 3082 venenata
1018 3039 1085 3082 usus
1105 3097 1107 3102 Ι

86 3107 211 3167 traditur
227 3107 327 3187 aspide
344 3115 477 3186 excepta.
541 3158 571 3191 ,

476 3293 761 3326 ..u-lu...-
