2538 3864
507 109 522 144 0

260 207 262 216 ’
336 201 861 280 usu.u1ss.xx1.1-a.(1—t.)
1040 201 1102 265 233

102 355 299 429 nibus¹tiucto
342 367 537 446 paulatimque
561 376 591 426 et
619 367 731 426 Romae
759 365 906 444 subrepsit
929 369 1101 447 appellatio,

102 453 217 513 corollis
243 454 318 512 inter
344 452 423 511 initia
445 457 567 530 propter
587 451 779 528 gracilitatem
800 451 967 529 nominatis,
989 470 1057 513 mox
1074 462 1103 513 et

102 537 279 612 corollariis,
299 544 453 614 postquam
470 554 486 594 e
507 536 601 596 lamna
616 537 696 595 tenui
712 535 948 596 aereaiuaurata
964 545 1012 596 aut
1028 539 1102 597 inar-

100 629 213 698 gentata
232 619 381 680 dabantur.

78 720 90 761 a
161 704 189 765 3.
224 705 286 784 (4.)
325 701 448 764 Crassus
472 701 563 766 Dives
592 703 699 781 primus
727 711 849 780 argento
876 720 1006 781 auroque
1033 704 1130 773 foliae

99 787 219 847 imitatus
235 787 309 848 ludis
324 788 384 847 suis
400 804 524 847 coronas
542 787 636 861 dedit,
655 795 902 866 accesseruntque
917 796 946 847 et
960 787 1101 866 lemnisci,

100 888 170 949 quos
185 861 284 931 adic'i
275 890 401 972 ipsarum
416 887 588 931 coronarum
605 871 699 930 honos
721 879 798 950 erat,
822 880 945 949 propter
962 869 1102 933 Etruscas

85 953 225 1032 quibus'
216 957 362 1033 sanginisi
378 954 697 1015 aureinondehebant
731 957 795 1032 puri
814 954 992 1015 diuluere.'
972 975 1002 1014 ιι.
1036 974 1102 1016 cae·
1185 1023 1194 1044 ⁸

98 1038 157 1097 lare
187 1056 239 1098 eos
268 1041 377 1118 primus
403 1041 524 1099 instituit
550 1037 582 1108 Ρ.
608 1037 744 1102 claudius
766 1030 892 1100 Pulcher
913 1039 1101 1119 bratteasque

65 1123 180 1184 raetiam
196 1121 331 1200 philyrae
346 1122 434 1183 dedit.

159 1206 190 1283 (ι
194 1207 217 1284 .)
233 1208 357 1285 Semper
368 1215 463 1266 tamen
474 1205 632 1266 auctoritas
644 1205 692 1265 vel
704 1205 815 1266 ludicro
829 1206 1024 1284 quaesitarum
1035 1206 1124 1272 faita

97 1306 219 1368 namque
246 1291 282 1351 ad
304 1292 460 1351 certamina
482 1289 511 1348 in
527 1290 634 1349 circum
650 1307 704 1367 per
722 1290 807 1350 ludos
823 1299 852 1368 et
867 1290 922 1367 ipsi
939 1290 1101 1352 descende·
1205 1341 1211 1350 .
1258 1291 1260 1330 ³

96 1372 161 1432 bant
176 1382 205 1433 et
219 1391 323 1435 servos
338 1379 416 1434 suos
426 1390 579 1452 equosque
594 1373 754 1433 mittebant.
780 1375 847 1450 inde
858 1373 908 1435 illa
923 1387 974 1433 ΧΠ
992 1373 1101 1435 tabula·

7 1511 8 1520 ,
95 1475 156 1516 rum
180 1456 245 1517 lex:
271 1459 333 1538 qui
354 1473 528 1518 coronam
549 1457 649 1535 parit
672 1459 754 1535 ipae
775 1458 1001 1537 pecuniave,
1023 1460 1102 1518 eius
1166 1500 1175 1516 .

63 1541 304 1602 ravirtutisve
326 1559 417 1618 crgo
436 1541 561 1601 duitur
582 1541 624 1599 ci.
657 1557 743 1618 quam
758 1543 836 1601 servi
857 1542 962 1618 equive
981 1546 1118 1603 meruis·'

96 1631 160 1682 sent
181 1617 304 1722 pecunia
326 1633 437 1722 partam
460 1624 530 1699 lege
555 1622 613 1682 dici
639 1641 723 1683 nemo
750 1624 899 1684 dubitavit
939 1626 1003 1703 quis
1028 1643 1100 1703 ergo

96 1703 212 1766 honos?
227 1715 258 1765 ut
278 1707 333 1784 ipsi
349 1715 462 1764 mortuo
478 1705 705 1784 parentibusque
722 1707 801 1784 eius,
818 1708 907 1768 dum
899 1717 973 1767 antus
989 1710 1101 1786 positus
1199 1742 1201 1748 κ

96 1798 176 1872 esset
200 1789 311 1849 lorisve
332 1789 475 1864 lerretur,
502 1790 564 1848 sine
585 1789 687 1850 fraude
710 1799 791 1850 esset
812 1792 948 1870 inposita.
979 1791 1081 1851 alias¹
1073 1811 1101 1852 m

96 1891 149 1934 usu
171 1875 338 1952 promiscuo
361 1891 398 1933 ne
420 1872 548 1934 ludicrae
570 1873 684 1958 quidem
711 1883 802 1934 erant.
847 1874 910 1953 (6.)
935 1876 1126 1953 ingensque&

59 1967 126 2017 acet
148 1957 221 2017 hinc
238 1958 391 2018 severitas.
433 1956 465 2017 t.
482 1955 600 2017 Fulvius
622 1959 803 2034 argentarius
822 1958 904 2019 bello
926 1957 1033 2019 Punico
1055 1977 1100 2019 se·

96 2041 189 2101 cundo
217 2058 281 2100 cum
308 2057 415 2100 corona
440 2059 564 2102 rosacea
591 2041 713 2100 interdiu
739 2059 755 2101 e
780 2042 903 2121 pergula
925 2060 976 2102 sua
1002 2043 1030 2102 ιιι
1055 2043 1099 2104 lo

94 2143 158 2184 rum
188 2125 381 2203 prospexisse
414 2125 507 2185 dictus
536 2143 574 2184 ex
600 2125 772 2185 auctoritate
800 2136 918 2186 senatus
947 2127 975 2184 in
1000 2145 1101 2188 carce·

94 2223 157 2268 rem
180 2207 321 2269 abductus
348 2225 406 2267 non
427 2217 493 2268 ante
519 2207 604 2268 linem
625 2207 697 2267 helli
722 2209 844 2268 emissus
867 2216 921 2270 est.
951 2201 982 2267 P.
1001 2209 1098 2271 Muna-

94 2294 152 2353 tius
180 2310 244 2352 cum
269 2293 414 2370 demptam
436 2291 571 2367 Marsyae
592 2308 729 2352 coronam
751 2311 767 2351 e
788 2291 908 2354 floribus
934 2292 1020 2392 capiti
1047 2312 1099 2355 suo

56 2391 85 2434 ιι
95 2378 276 2453 inposuisset
291 2384 378 2455 atque
394 2375 432 2435 ob
447 2375 477 2435 id
497 2377 562 2436 duci
582 2393 646 2436 eum
659 2376 688 2434 ιιι
703 2376 819 2436 vincula
841 2376 979 2436 triumviri
999 2375 1099 2436 iussis·

96 2467 178 2534 sent,
199 2460 359 2538 appellarit
379 2458 510 2518 tribunos
525 2459 615 2538 plebi.
652 2476 707 2520 nec
718 2461 915 2521 intercessere
930 2460 989 2535 illi,
1013 2459 1126 2524 alitertt

96 2559 183 2620 quam
197 2541 333 2620 Athenis,
351 2541 401 2603 ubi
417 2543 656 2604 comissabundi
646 2561 768 2604 raavenes
786 2553 851 2605 ante
866 2544 1013 2604 meridiem
1029 2561 1098 2603 cou-

94 2633 201 2685 ventus
217 2627 387 2704 sapientium
406 2644 521 2706 quoquc
537 2626 687 2687 doctrinae
699 2627 930 2706 frequentabant.
954 2626 1030 2705 apud
1045 2646 1099 2688 uos

96 2708 262 2787 exemplum
285 2710 419 2771 licentiae
439 2711 523 2770 huius
540 2723 607 2769 non
619 2719 664 2770 est
685 2710 761 2771 aliud
779 2729 863 2790 quam
888 2712 945 2772 lilia
964 2712 1022 2773 divi
1040 2711 1099 2772 Διι-

55 2794 192 2870 aogusti,
224 2793 305 2852 cuius
330 2793 442 2853 luxuria
467 2792 600 2853 noctibus
624 2802 790 2853 coronatum
814 2794 957 2902 marsyam
983 2794 1098 2854 litterae

93 2877 175 2937 illius
190 2875 237 2935 dei
253 2885 379 2953 gemunt.

162 2959 226 3038 (7.)
250 2958 367 3019 Florum
381 2961 496 3037 quidem
511 2957 636 3038 populus
651 2921 797 3020 Romanus
812 2938 952 3022 honorem
966 2959 1096 3038 Scipioni
1108 2970 1141 3024 to

93 3050 206 3102 tantum
220 3042 327 3102 habuit.
351 3041 474 3143 Serapip
490 3043 746 3120 cognominabatur
755 3053 876 3123 propter
888 3043 1099 3104 similitudinem

97 3125 188 3185 suarii
205 3126 352 3186 cuiusdam
369 3128 567 3204 negotiatoris.
585 3126 739 3188 obierat
730 3146 759 3188 ιιι
773 3127 916 3188 tribunatu
931 3125 1029 3204 plebei
1048 3127 1097 3187 ad·

53 3209 214 3270 comodum
235 3218 335 3285 gratus
358 3209 519 3289 dignusque
542 3209 746 3271 Africanorum
763 3211 885 3286 familia,
910 3227 965 3269 nec
988 3218 1050 3270 erat
1071 3211 1099 3270 in

93 3293 183 3353 bouis
203 3293 339 3352 iuncris'
331 3309 461 3372 inpensa.
498 3312 579 3355 asses
600 3311 672 3371 ergo
690 3295 809 3354 contulit
823 3294 948 3374 populus
966 3311 1001 3354 ac
1015 3292 1098 3353 funus

96 3373 243 3452 elocavit,
272 3393 384 3455 quaque
405 3376 670 3457 praeterierebatur
690 3377 779 3439 flores
801 3397 816 3437 e
840 3386 997 3459 prospectu
1023 3377 1098 3437 omni
1134 3386 1143 3412 ·

95 3461 216 3540 sparsit.
