2538 3864
174 188 243 252 282,
524 195 827 246 c.su1rr1sncun1t1
910 254 912 257 ¹

173 355 292 415 resistit.
320 351 504 429 dysintericis
515 352 635 432 prodest
648 351 786 428 inlusum,
800 351 868 412 item
883 349 992 414 inlitum
1007 349 1133 428 lentigini
1146 358 1174 410 et

174 439 333 504 mulierum,
346 439 422 500 uitiis
445 439 474 496 in
494 437 571 498 facie
593 445 680 496 noctu
709 435 834 511 inlitum,
860 441 1064 513 momentoque
1085 443 1175 512 cutem

177 523 309 598 amendat
324 531 353 583 et
366 522 591 598 ramices-lenit,
607 535 747 599 equorum
764 521 851 580 etiam
866 517 1003 582 scabiem.

132 616 166 671 85
237 607 330 707 (42.)
342 605 484 681 sillybum
499 605 699 667 chamaeleoni
718 603 786 665 albo
798 603 955 680 similem,
969 621 1063 682 aeque
1082 603 1173 702 spino-

141 707 253 766 sam,
270 708 306 751 ne
321 692 350 752 in
368 689 469 752 Cilicia
485 691 599 789 quidem
617 698 665 750 aut
680 689 764 763 Syria
779 697 828 749 aut
840 686 1004 762 Phoenice,
1021 687 1069 760 ubi
1085 687 1175 750 nasci·
1183 710 1195 750 s
1254 693 1255 736 ἲ

175 784 237 850 ιιι,
259 791 387 853 coquere
408 775 478 835 tanti
504 783 558 834 est.
590 775 629 835 ita
651 789 779 852 operosa
802 774 864 832 eins
883 771 976 861 culina
992 769 1120 843 traditur.
1149 772 1176 830 in

175 859 319 921 medicina
337 859 445 920 nullum
460 876 542 919 usum
558 857 656 922 habet.
810 903 812 908 .

133 953 169 1008 86
240 943 325 1023 (43.)
348 944 513 1019 Scolymum
530 961 646 1023 qunque
665 944 694 1002 in
711 939 793 1000 cibos
817 941 953 1020 recepit
957 941 1054 1002 oriens
1075 938 1176 1002 etalio

175 1029 289 1092 nomine
315 1029 458 1095 limoniam
485 1028 654 1108 appellauit.
689 1025 786 1089 frutex
805 1035 853 1089 eat
880 1041 1044 1106 numquam
1064 1023 1177 1086 cubitali
1254 1041 1255 1058 ι

78 1185 86 1194 ,
174 1114 262 1174 altior
279 1114 432 1192 cristisque
453 1113 589 1176 folior-run
605 1131 639 1172 ac
655 1111 755 1176 radice
775 1113 872 1190 nigra,
894 1112 953 1174 sed
964 1110 1058 1190 dulci,
1076 1107 1176 1170 Erato·
1166 1128 1208 1169 ·m

176 1195 270 1258 stheni
285 1213 401 1274 quoque
424 1197 582 1257 laudatam
596 1197 718 1275 pauperi
734 1213 829 1258 cena.
849 1198 957 1259 urinam
972 1197 1051 1257 ciere
1067 1194 1178 1274 praeci·
1254 1195 1255 1234 ἒ

55 1339 58 1344 ,
176 1299 233 1362 pue
254 1279 389 1377 truditur,
411 1298 514 1346 sanare
536 1280 666 1340 lichenas
689 1289 718 1339 et
735 1280 833 1359 lepras
854 1299 892 1344 eu
916 1290 1017 1357 aceto,
1043 1296 1179 1340 uenerem
1254 1281 1255 1292 ¹

133 1362 350 1428 διιιιιιιιιιιιιι
342 1379 371 1422 ιιι
391 1364 457 1422 vino
483 1361 613 1425 Hesiodo
635 1373 664 1422 et
678 1362 790 1424 Alcaeo
812 1363 951 1439 testibus,
979 1365 1028 1441 qui
1056 1364 1178 1425 florente
1254 1391 1255 1466 p

176 1465 211 1507 ea
226 1445 342 1515 cicadas
363 1446 495 1508 acerrimi
512 1455 612 1506 cantus
629 1463 696 1505 esse
713 1456 742 1504 et
756 1447 892 1510 mulieres
908 1447 1032 1513 libidinis
1048 1449 1177 1509 avidissi
1254 1475 1255 1508 ι

174 1549 235 1592 mus
251 1531 390 1610 virosque
401 1530 430 1590 in
447 1530 552 1592 celtum
566 1531 738 1608 pigerrimos
755 1531 913 1610 scripsere,
930 1531 1010 1593 velut
1024 1533 1209 1610 providem-15

174 1617 214 1676 tia
235 1625 353 1675 naturae
373 1615 431 1675 hnc
450 1613 618 1677 adiumento
638 1623 705 1674 tunc
728 1615 934 1684 valentissimo.
967 1616 1046 1682 item
1055 1633 1180 1716 graveo-

175 1700 291 1762 lentium
311 1700 420 1760 alarum
439 1698 572 1760 emendat
597 1697 702 1762 radicis
730 1699 920 1763 emedullatae
944 1701 1043 1776 uncia,
1070 1701 1099 1759 in
1123 1701 1182 1760 vini

136 1772 143 1798 ⁸
174 1783 291 1844 Falerni
308 1783 429 1843 heminis
449 1783 540 1842 tribus
558 1782 682 1842 decocta
703 1781 739 1844 ad
760 1785 862 1848 tertias
878 1793 936 1844 eta
953 1783 1092 1844 balineo
1083 1787 1180 1846 ιιιιιιιιο

176 1870 302 1947 itemque
323 1876 391 1946 post
412 1865 506 1926 cibum
528 1866 638 1942 cyathis
660 1865 798 1942 singulis
795 1875 879 1944 pota
914 1869 1014 1932 neon
1036 1868 1180 1953 estquod

174 1949 357 2018 Xenocrates
376 1951 513 2029 promittit
530 1951 743 2030 experimento,
766 1952 864 2012 vitium
877 1949 905 2013 id
926 1969 964 2012 ex
985 1950 1037 2012 ulis
1051 1969 1106 2030 per
1121 1954 1179 2018 uri·
1188 1978 1212 2018 m

175 2053 238 2095 narn
253 2033 385 2093 effluere

135 2125 170 2180 88
241 2116 327 2197 (44.)
349 2116 436 2177 Estur
448 2126 478 2178 et
494 2103 621 2178 sonehos
633 2127 715 2177 -nt
728 2131 813 2195 quem
827 2116 942 2180 Theseo
954 2119 1032 2198 apud
1044 2070 1180 2183 Callima·

177 2201 260 2262 chum
272 2199 702 2300 adponatllecule-uterque,
713 2200 836 2262 albuset
848 2203 941 2279 niger
959 2203 1127 2264 lactucae
1102 2206 1181 2264 sumi·
1254 2249 1255 2268 r

175 2285 219 2345 les
237 2285 336 2363 ambo,
352 2286 406 2344 nisi
418 2285 528 2362 spinosi
544 2292 659 2360 essent,
675 2285 757 2344 caule
774 2284 905 2362 cubitali,
925 2287 1084 2364 anguloso,
1103 2290 1181 2349 intus
1254 2273 1255 2298 ¹

176 2386 264 2446 cavo,
281 2367 334 2430 sed
349 2369 396 2446 qui
409 2369 517 2431 fractus
533 2369 655 2446 copioso
669 2367 744 2428 lacte
758 2378 863 2430 munet.
894 2369 993 2446 albus,
1011 2373 1085 2431 cuie
1102 2371 1181 2432 lacte
1191 2397 1214 2437 ιι

175 2453 267 2527 nitor,
299 2451 377 2512 utilis
398 2449 595 2527 orthopnoicis
615 2451 791 2512 lactucarum
813 2453 899 2514 modo
920 2471 957 2513 ex
977 2453 1182 2516 embammate.

174 2535 365 2596 Erasistratus
390 2533 520 2594 calculos
544 2553 598 2612 per
625 2535 732 2598 urinam
751 2534 822 2634 pelli
842 2554 881 2596 eo
899 2546 1039 2598 monstrat
1067 2548 1097 2599 et
1119 2541 1184 2602 oris

132 2629 167 2683 89
175 2618 403 2694 graveolentiam
421 2618 647 2679 commanducato
660 2619 784 2696 corrigi.
809 2633 895 2689 sucus
912 2623 995 2684 trium
1002 2621 1185 2696 cyathorum

174 2719 307 2762 mensura
322 2703 351 2760 in
366 2703 432 2765 vino
452 2700 520 2761 albo
535 2711 564 2762 et
585 2701 652 2762 oleo
670 2702 829 2764 calefactus
845 2703 960 2764 ιιιιιιιιιι
974 2714 1073 2786 partus
1089 2708 1131 2768 ita
1151 2717 1185 2767 ut

174 2795 277 2865 apoto
291 2785 437 2848 ambulent
453 2785 600 2862 gravidae.
638 2785 721 2848 datur
741 2788 813 2847 etin
827 2787 997 2849 sorbitione
1028 2790 1093 2866 ipse
1109 2809 1182 2851 cau·
1170 2813 1218 2856 -ac

173 2870 209 2930 lis
232 2870 370 2931 decoctus
393 2869 463 2929 iacit
484 2869 569 2930 lactis
590 2867 788 2936 abundantiam
808 2871 965 2933 nutricibus
987 2872 1185 2954 coloremque

172 2954 322 3026 meliorem
345 2952 508 3028 infantium,
531 2952 698 3014 utilissimus
718 2953 852 3032 hisquae
873 2954 919 3017 lac
937 2955 992 3022 sibi
1014 2959 1095 3019 coine
1111 2977 1184 3018 sen-

172 3039 251 3098 tiant
281 3037 434 3098 instillatur
454 3035 568 3095 auribus
587 3053 691 3113 sucus,
711 3035 909 3117 calidusque
901 3058 929 3098 ιιι
952 3044 1116 3118 stranguria
1135 3042 1184 3102 bi·
1252 3095 1253 3122 ,

136 3119 248 3182 bitur
263 3120 358 3196 cyathi
381 3135 514 3180 mensura
535 3128 565 3178 et
586 3118 618 3179 in
630 3119 772 3182 stomachi
791 3122 954 3184 ιιιιιιιιιιιιιιι
980 3142 1044 3184 cnm
1063 3128 1185 3186 semine
1252 3125 1253 3132 ’

129 3214 166 3270 90
175 3205 334 3265 cucumeris
349 3203 563 3282 nucleisque
527 3205 636 3280 paneis.
663 3203 789 3266 inlinitur
804 3214 834 3266 et
847 3206 926 3268 aedis
939 3207 1182 3284 collectionibus.
1195 3230 1222 3272 au

173 3285 280 3348 bibitur
301 3295 401 3349 contra
416 3288 561 3366 serpentis
583 3288 829 3386 scorpionesque,
851 3290 934 3352 radix
948 3308 1018 3351 vero
1035 3291 1183 3354 inlinitur.

127 3423 129 3432 ,
174 3369 275 3430 eadem
296 3371 447 3432 decocta·
438 3390 467 3432 ιιι
482 3370 567 3446 oleo,
589 3372 686 3448 punici
705 3371 773 3432 mali
788 3372 909 3448 calyce,
930 3376 1038 3440 aurium
1062 3376 1185 3438 morbis

172 3453 347 3532 praesidium
361 3463 415 3516 est.
443 3453 625 3517 haecomnia
640 3454 768 3518 enalbc.
801 3453 990 3538 cleemporus
1005 3459 1090 3537 nigro
1106 3479 1185 3541 pro·
