2512 3858
194 199 235 262 22
549 209 581 260 0.
595 209 691 258 eunti
705 209 854 260 SDcUleI

194 372 268 432 Paro
286 368 359 430 silva
374 365 484 428 caedua
496 373 569 444 quae
584 364 653 425 nibil
665 363 730 424 fert.
760 324 895 424 Persicae
907 362 1030 426 arbores
1042 367 1070 424 in
1080 363 1181 426 Rbodo

194 453 299 514 florent
321 459 436 512 tautum.
476 447 523 508 Fit
542 447 616 508 haec
640 447 799 507 differentia
820 454 906 505 etex
927 465 1017 524 sexu,
1038 449 1068 508 ln
1090 450 1181 527 iisque

192 554 288 598 mares
304 552 363 594 non
378 533 482 595 ierunt.
512 531 598 607 aliqui
619 528 676 589 boo
696 538 893 608 permutantes
912 533 1000 592 maris
1020 549 1087 592 esse
1109 549 1181 610 quae

194 620 287 680 ferant
304 617 426 678 tradunt.
455 615 525 674 facit
540 621 569 671 ct
584 612 710 672 densitas
727 612 915 672 sterilitatem.

155 713 204 768 tlt
277 701 363 781 (48.)
391 696 569 776 (liquentium
595 702 688 754 autem
712 693 853 772 quaedam
876 705 906 756 et
928 697 1066 758 lateribus
1088 714 1205 757 ramo-t

156 794 165 850 .'
193 805 256 849 runa
269 794 299 846 et
315 780 507 848 cacuminibus
522 778 633 852 ierunt,
652 786 684 836 ut
698 778 794 856 pirus,
817 781 937 857 punica,
958 781 1047 857 ficus,
1063 790 1183 856 myrtus.

193 881 292 932 cetero
326 866 556 939 condemnatura
588 878 663 939 quae
690 861 832 937 frugibus.
881 880 1002 941 namque
1033 873 1063 923 et
1088 865 1116 924 in
1140 866 1182 926 eis

193 955 274 1033 spica
292 951 320 1010 in
342 947 487 1008 cacumine
515 945 660 1019 nascitur,
684 944 826 1021 legumine
853 945 881 1004 iu
901 944 1048 1005 lateribus.
1087 937 1190 1026 palma'

151 1061 208 1105 ispe
218 1036 291 1109 sola,
311 1041 341 1091 ut
356 1030 460 1091 dictum
475 1038 531 1106 est,
546 1027 699 1108 inspatbis
714 1027 801 1088 babet
821 1028 953 1104 fructum,
970 1031 1094 1089 racemis
1112 1048 1180 1109 pro-

213 1118 373 1180 endentem.
725 1119 728 1124 “
1192 1131 1214 1174 ro

149 1138 211 1266 usp
270 1197 352 1276 (49.)
376 1195 508 1275 Reliquis
523 1195 576 1256 sub
592 1196 664 1258 folio
679 1213 804 1274 pomum,
818 1203 849 1256 nt
860 1204 1042 1274 protegatur,
1056 1206 1183 1276 excepta

191 1285 265 1357 lico,
281 1281 326 1341 cui
340 1279 440 1341 folium
458 1297 617 1341 maxumum
633 1279 949 1356 umbrosissimumque‚
967 1288 997 1339 et
1010 1279 1078 1340 ideo
1094 1297 1182 1360 supra

72 1397 73 1404 .
190 1366 218 1428 id
232 1381 355 1443 pomum.
388 1365 416 1423 ei
437 1364 549 1424 demum
570 1365 663 1424 serius
686 1363 785 1423 folium
804 1363 931 1422 nascitur
951 1381 1033 1440 quam
1054 1380 1181 1442 pomum.

188 1450 301 1525 insigne
318 1447 448 1526 proditur
462 1447 491 1508 iu
507 1446 628 1525 quodam
645 1443 903 1524 generetiitctae,
922 1443 1021 1525 Cypri,
1038 1446 1180 1524 Helladis,

178 1533 262 1592 ficos
286 1528 338 1609 sub
361 1529 449 1606 folio,
474 1545 595 1608 grossos
616 1547 688 1591 aero
709 1538 778 1608 post
797 1527 896 1588 folium
919 1531 1009 1591 nasci.
1044 1529 1130 1590 Ficus
1149 1541 1181 1592 et
1192 1553 1214 1594 rs

160 1661 163 1668 .
188 1614 342 1694 praecocia
363 1613 451 1675 babet
472 1608 543 1693 quas
564 1613 686 1675 Athenis
706 1612 878 1690 prodromos
899 1623 1014 1675 uocant
1045 1613 1073 1674 in
1087 1613 1180 1676 Laco·

188 1700 254 1760 nico
272 1715 382 1775 genere
396 1715 527 1758 maxume
543 1707 607 1758 sunt
623 1707 652 1758 et
666 1696 779 1756 biferae
794 1697 823 1756 in
838 1697 949 1757 iisdem.

146 1795 198 1849 114
264 1783 314 1844 27.
324 1781 408 1860 (to.)
423 1779 525 1842 lnGea
536 1780 627 1841 insula
638 1780 764 1858 caprifici
777 1781 894 1840 triferae
910 1789 983 1841 sunt.
1009 1782 1101 1860 primo
1114 1780 1179 1842 fetu

69 1857 76 1872 ’
189 1871 318 1945 sequeus
335 1873 488 1940 evocatur,
511 1865 642 1942 sequenti
662 1864 775 1925 tertius.
811 1863 868 1924 lroc
891 1864 937 1924 liei
965 1865 1180 1942 caprifiosntur.

188 1960 218 2010 et
233 1947 360 2025 caprillci
375 1954 469 2013 autem
484 1943 520 2006 ab
538 1943 668 2008 aduersis
683 1946 763 2008 follis
777 1956 940 2008 nascuntur.
970 1948 1086 2008 biferae
1102 1957 1133 2010 ct
1149 1952 1179 2010 iu
1190 1973 1215 2014 ao

186 2030 269 2091 malis
284 2047 319 2090 ac
335 2029 404 2108 piris
420 2029 569 2107 quaedam,
586 2032 660 2091 sicut
675 2039 705 2091 et
722 2048 893 2109 praecoces.
924 2031 1015 2091 malus
1032 2032 1180 2094 silvestris

126 2121 129 2126 '
185 2113 288 2176 bifera.
324 2129 451 2190 sequeus
479 2115 542 2174 eius
560 2113 669 2175 fructus
687 2124 755 2193 post
776 2123 917 2174 arcturum
937 2115 966 2172 iu
988 2115 1093 2190 apricis
1116 2134 1180 2178 ma·

145 2210 195 2262 115
203 2214 299 2258 nume.
325 2195 407 2256 Vites
425 2195 541 2275 quidem
561 2207 591 2258 et
611 2198 732 2262 triferae
749 2207 830 2272 suut,
853 2213 923 2274 quas
948 2195 985 2254 ob
1009 2196 1037 2256 id
1059 2196 1180 2262 insanas

187 2290 303 2360 uocant,
318 2280 451 2359 quoniam
465 2281 493 2340 in
508 2282 543 2341 ils
557 2281 612 2342 alia
625 2287 830 2354 maturescunt,
849 2279 904 2336 alia
921 2286 1099 2355 turgescunt,
1119 2284 1179 2345 alia

185 2365 298 2426 dorent.
330 2362 368 2422 lll.
375 2363 468 2424 Varro
483 2371 582 2422 auctor
597 2370 643 2421 est
657 2363 744 2422 vitem
757 2361 848 2421 fuisse
864 2359 1005 2436 Zmyrnae
1023 2365 1099 2443 apud
1113 2365 1213 2429 itia-as

185 2459 258 2508 mem
274 2454 340 2504 ante
354 2445 473 2505 biferarn
488 2453 517 2504 et
531 2444 634 2504 malum
653 2445 683 2502 in
703 2461 774 2521 agro
790 2442 977 2506 Consentino.
1005 2445 1063 2508 boc
1078 2458 1180 2512 auteur

144 2555 212 2598 reuss
224 2530 321 2588 evenit
334 2536 475 2606 perpetuo
496 2527 700 2605 iriaeupersi
718 2527 838 2589 Africae
858 2545 946 2606 agro,
963 2529 1000 2591 de
1016 2548 1073 2610 quo
1089 2532 1179 2611 plura

185 2611 276 2671 aliasr
291 2629 326 2671 ea
343 2618 388 2670 est
402 2611 457 2670 soli
472 2610 612 2674 fertilitas.
635 2609 747 2672 Triferu
764 2620 808 2671 est
819 2620 849 2670 et
862 2629 1027 2690 cupressus.
1049 2633 1177 2694 namque

184 2692 276 2754 bacae
291 2695 352 2754 eius
368 2693 541 2772 colliguntur
557 2711 655 2754 mense
670 2693 800 2755 Ianuario
819 2704 848 2754 et
859 2693 935 2757 lllaio
951 2705 981 2756 et
994 2698 1176 2778 Septembri,

144 2785 357 2856 notamusque
375 2793 476 2839 earum.
490 2779 567 2855 gerit
581 2777 799 2855 magnitudines.
830 2776 883 2838 Est
903 2796 975 2841 vero
999 2790 1029 2842 et
1049 2783 1079 2840 in
1097 2783 1214 2861 ipsisao

184 2859 335 2922 arboribus
361 2861 444 2922 etiarn
468 2863 576 2922 onustis
602 2861 756 2941 peculiaris
782 2860 954 2924 differentia.
993 2883 1100 2926 summa
1125 2871 1178 2929 sui

183 2953 266 3023 parte
287 2945 444 3005 fertiliores
465 2944 597 3024 arbutus,
618 2963 759 3023 quercus,
781 2944 919 3006 inferiore
934 2947 1100 3024 iuglandes,
1122 2950 1177 3011 lici

63 3089 68 3096 ,
181 3030 332 3089 mariscae.
362 3044 461 3086 omnes
476 3043 532 3106 quo
554 3029 645 3104 magis
661 3036 815 3088 senescunt
835 3028 893 3089 boc
911 3033 1046 3090 maturius
1062 3033 1174 3110 ferunt,

182 3121 212 3171 et
233 3115 262 3172 in
279 3111 384 3190 apricis
406 3110 485 3170 locis·
499 3127 554 3170 uec
573 3112 671 3188 pingui
687 3119 774 3171 terra.
805 3112 986 3174 silvestriora
1001 3117 1094 3175 omnia
1109 3125 1174 3176 tar-

182 3193 271 3255 diora.
304 3195 440 3273 quaedam
456 3213 494 3254 err
508 3193 552 3254 lris
570 3195 682 3253 omnino
699 3211 754 3254 nee
770 3204 973 3256 maturescunt.
1006 3199 1172 3276 itemquae
1184 3219 1215 3264 as

181 3276 350 3418 subfararrtur
365 3279 413 3336 aut
428 3294 501 3355 quae
516 3276 723 3356 ablaqueantur
743 3277 886 3338 celeriora
906 3279 1059 3356 neglectis.
1091 3281 1175 3344 baec

182 3367 211 3419 et
238 3360 373 3420 ertiliora.

140 3449 190 3506 tit
262 3442 345 3521 (51.)
375 3441 429 3505 list
441 3443 590 3504 etiamnum
605 3442 707 3504 aetatis
720 3442 889 3506 differentia.
922 3447 1073 3524 amygdala
1089 3447 1174 3512 euim
