2552 3866
319 195 401 242 ιιι.
417 191 508 240 eursu.
524 193 636 240 xvsrn.
651 190 735 243 1—2.
751 182 869 262 (u-t.)
1051 183 1111 246 159

98 349 152 409 bus
167 358 198 408 et
212 350 259 428 qui
274 365 332 408 non
347 346 533 408 exaudiamur
552 345 643 406 caedi.
671 363 744 424 ergo
764 346 832 406 huic
851 346 910 408 lino
933 351 1111 429 principatus

97 435 127 493 in
141 441 205 492 toto
228 431 310 491 orbe.
343 447 500 509 proxumus
519 429 657 506 byssino,
676 430 826 490 mulierum
846 448 977 491 maxume
998 434 1134 512 deliciis⁸
1208 499 1215 513 ‚

99 518 178 576 circa
195 515 270 574 Elim
283 517 312 574 in
328 513 438 574 Achaia
452 513 566 591 genito,
582 514 729 591 quaternis
750 512 875 574 denariis
898 517 1023 594 scripula
1048 520 1110 578 eins

98 607 260 679 permutata
275 598 417 677 quondam
433 606 462 657 ut
475 598 537 658 auri
550 597 678 675 reperio.
706 597 870 658 hintecrum
887 598 1011 676 lanugo,
1029 619 1045 660 c
1061 612 1151 665 ue-tl

74 684 133 744 elis
150 684 264 743 navium
278 683 480 743 maritimarum
494 697 635 757 maxume,
650 680 679 740 in
693 682 799 757 magno
817 701 870 742 usu
881 682 1041 744 medicinae
1053 693 1113 759 cst,¹

96 774 127 828 et
143 769 216 827 cinis
235 765 321 846 spodi
342 767 399 825 vim
413 764 510 825 habet.
534 764 588 826 Est
607 773 637 823 et
649 765 724 824 iuter
742 782 890 844 papauera
908 781 1002 843 genus
1020 767 1109 845 quod·

69 905 72 908 .
95 851 162 912 darn
178 867 235 928 quo
252 848 406 909 candorem
420 849 506 912 lintea
521 848 708 926 praecipuum
723 848 846 908 trahunt.

158 933 222 1014 (5.)
249 933 429 1012 l'cmptatum
450 941 495 992 est
509 933 600 1008 tingui
620 932 707 992 linum
726 947 860 1011 quoqne,
877 941 906 993 ut
926 935 1048 998 vestium
1071 936 1153 998 inat

94 1019 205 1078 sanim
220 1019 385 1096 acciperet,
407 1017 437 1076 in
454 1015 615 1077 Alexandri
628 1015 724 1093 hlagni
739 1017 859 1093 primurn
880 1015 1022 1077 classibus
1037 1019 1109 1079 Indo

60 1118 85 1158 ιι
94 1120 180 1162 amne
201 1102 380 1178 navigantis,
408 1117 472 1160 cnm
490 1098 581 1159 duces
602 1100 664 1159 eius
686 1117 719 1160 ac
736 1101 879 1178 praelecti
899 1102 928 1160 in¹
954 1104 1110 1164 certamine

93 1185 221 1264 quodam
236 1186 398 1246 variassent
412 1185 534 1260 insignia
551 1184 673 1245 narium
703 1191 929 1263 stupueruntque
952 1185 1036 1246 litora
1059 1188 1108 1248 fla·

91 1279 122 1329 tu
137 1269 332 1329 versicoloria
353 1268 492 1346 pellente.
528 1267 604 1327 Velc
631 1284 776 1346 purpureo
796 1268 835 1327 ad.
850 1268 967 1329 'Actium
991 1271 1109 1342 cunti.

90 1353 224 1413 Antonio
239 1352 398 1430 Cleopatra
414 1353 492 1412 venit
506 1351 667 1429 codemque
683 1352 794 1429 ellugit
829 1351 886 1414 hoc
909 1353 963 1414 tuit
985 1355 1109 1434 impera*

90 1439 186 1498 toriae
206 1438 287 1497 navis
304 1437 430 1534 insigne.

57 1537 80 1578 ιι
156 1519 224 1600 (6.)
247 1520 376 1580 Postea
368 1538 396 1580 ιιι
413 1519 533 1580 theatris
546 1497 653 1579 tanturn
668 1518 797 1583 umbram
812 1519 930 1598 fecere,
953 1520 1032 1598 quod
1053 1523 1108 1600 pri·
1098 1533 1151 1587 -23

89 1622 153 1664 mus
175 1605 303 1662 omnium
323 1605 431 1663 invenit
454 1604 489 1678 Q.
507 1599 647 1701 (letales,
668 1621 734 1662 curn
756 1602 929 1680 Capitolium
949 1604 1107 1664 dedicaret.

90 1686 250 1748 carbasina
268 1684 372 1746 deinde
388 1686 454 1746 vela
469 1688 576 1765 primns
593 1688 622 1745 in
638 1684 752 1746 theatro
769 1687 1020 1757 duxissermdirur
1034 1688 1107 1748 Len-

87 1767 167 1831 tulus
185 1768 326 1847 Spinther
341 1767 568 1847 Apollinaribus
572 1769 656 1829 ludis.
681 1786 750 1829 mox
762 1768 871 1830 Cacsar
883 1771 1005 1836 dictator
1019 1779 1108 1832 totum

87 1857 186 1916 torum
205 1853 363 1913 Romanam
377 1853 620 1932 intexituiamque
638 1871 748 1915 sacram
770 1853 805 1914 ab
825 1853 910 1926 domo
932 1874 984 1916 sua
1005 1865 1034 1914 et
1056 1856 1106 1915 cli·

54 1957 79 1998 ac
89 1957 158 1999 vom
175 1939 316 2014 usquein
332 1935 517 2016 Capitolium,
532 1937 608 2015 quod
622 1957 740 1998 munere
755 1939 821 2017 ipso
836 1938 1007 2015 gladiatorio
1023 1942 1105 1999 mira·

87 2023 176 2083 bilius
193 2023 289 2080 visum
304 2020 427 2081 tradunt.
459 2019 563 2081 deinde
587 2031 617 2081 et
637 2023 698 2082 sine
715 2021 789 2082 ludis
811 2023 966 2084 Marcellus
987 2023 1148 2087 Octaviam

88 2107 220 2184 Augusti
236 2121 339 2164 sorore
355 2105 513 2181 genitusin
525 2104 673 2166 aedilitate
688 2123 738 2166 sua
753 2106 896 2166 avoncnlc
912 2122 959 2168 ιιι.
985 2108 1105 2170 consule

88 2210 114 2252 a.
133 2190 162 2250 d.
179 2188 301 2248 kalend.
317 2187 441 2265 Augusti
457 2188 530 2248 velis
547 2189 640 2248 iorum
655 2189 836 2266 inumbrarit,
852 2199 882 2249 nt
898 2190 1038 2250 salubrius
1050 2192 1104 2250 liti·

88 2284 196 2352 gantes
217 2275 426 2349 consisterent,
448 2281 580 2350 quantum
596 2274 708 2333 mutatis
721 2272 848 2334 moribus
865 2272 983 2334 Catonis
1004 2292 1119 2334 censo·-

53 2375 78 2415 aa
87 2358 124 2417 rii
140 2359 190 2436 qui
216 2355 400 2416 sternendum
421 2373 535 2435 quoqne
551 2357 645 2418 iorum
658 2356 813 2430 muricibus
831 2357 999 2417 censuerat!
1030 2357 1105 2417 Vela

88 2459 186 2518 nuper
212 2449 242 2499 et
261 2441 363 2502 colore
390 2439 479 2516 caeli,
501 2441 633 2517 stellata,
661 2459 715 2520 per
742 2441 869 2502 rudentis
890 2441 950 2500 iere
972 2439 1106 2502 etiamlu
1182 2459 1184 2466 ’

91 2523 313 2602 amphitheatris
333 2524 472 2604 principis
492 2523 627 2584 Neronia.
663 2524 767 2586 rubent
790 2527 819 2587 iu
841 2526 920 2586 cavis
943 2524 1059 2586 aedium·
1076 2533 1105 2582 et

89 2625 226 2668 muscum
250 2606 286 2666 ab
309 2607 374 2668 sole
397 2606 561 2667 detendunt.
596 2617 694 2668 cetero
724 2609 826 2668 mansit
860 2609 986 2669 candore
1017 2609 1104 2687 perti·

90 2695 175 2752 tinas
193 2691 296 2767 gratia
325 2691 426 2752 Hnnor
444 2692 528 2750 etiarn
543 2708 559 2749 e
574 2691 698 2752 Troiano
714 2691 804 2752 bello
835 2710 885 2752 cur
908 2696 983 2753 enirn
1003 2711 1060 2752 ncn
1077 2701 1146 2756 etth

53 2792 79 2833 ec
92 2774 221 2856 proeliis
238 2775 350 2833 intersit
365 2783 395 2833 nt
408 2771 585 2850 naufragiis?
614 2774 780 2835 thoracibus
792 2774 875 2834 lineis
891 2794 1000 2874 papcos
1011 2787 1106 2837 tamen
1159 2807 1166 2818 ι

91 2875 247 2939 pugnasse
268 2859 351 2916 testis
372 2867 416 2918 est
435 2857 586 2917 llomerus.
623 2857 689 2917 hinc
708 2858 815 2930 luisse
823 2867 852 2917 ct
877 2862 988 2920 navium
1013 2877 1103 2934 arma·

91 2951 193 3002 menta
210 2940 286 3037 qpud
306 2940 427 3001 eundem
441 2944 662 3020 interpretantur
677 2925 860 3020 eruditiores,
876 2945 1025 3020 qnoniam,
1041 2960 1104 3002 curn

92 3013 230 3103 σπαρτοὶ
244 3025 312 3084 dixit
313 3025 545 3101 ,significaverit
559 3033 630 3084 sata.

161 3108 248 3187 2.(7
251 3108 275 3185 .)
295 3109 391 3188 sparti
406 3108 520 3186 quidem
530 3127 596 3169 usus
607 3109 692 3168 multa
704 3117 771 3188 post
782 3110 899 3169 saecula
913 3117 1035 3188 coeptus
1050 3116 1102 3186 est,
1111 3117 1145 3171 ιδ

55 3212 150 3258 senec
169 3200 238 3251 ante
253 3192 415 3253 Poenorum
437 3207 513 3252 arma
533 3210 607 3271 qnae
629 3193 747 3270 priunum
764 3192 918 3271 Hispaniae
939 3193 1100 3254 intulerunt

90 3275 196 3338 llerba
213 3282 242 3334 et
257 3274 340 3373 haec,
360 3284 464 3356 sponte
477 3293 599 3337 nascens
612 3285 640 3334 et
655 3293 728 3352 quae
741 3295 798 3336 non
810 3287 896 3354 queat
908 3279 976 3354 seri,
991 3279 1102 3336 iuncus-

92 3379 152 3440 que
169 3360 292 3437 proprie
310 3360 379 3419 aridi
392 3358 465 3435 soli,
482 3360 528 3418 uni
543 3368 638 3422 terrae
660 3358 726 3424 dato
746 3361 825 3420 vitio.
856 3378 976 3440 namque
996 3360 1025 3420 id
1045 3378 1101 3420 ma·

91 3445 152 3503 lum
169 3440 284 3532 telluris
303 3453 357 3520 est,
372 3461 427 3502 nec
441 3442 517 3502 alind
531 3441 570 3502 ibi
586 3446 642 3504 scri
655 3441 702 3503 aut'
717 3445 797 3502 nasci
818 3453 924 3525 potest.
958 3445 987 3503 in
1003 3434 1102 3520 Africa
