2538 3864
107 181 117 268 1¹
173 201 235 264 220
515 209 562 276 Kc.
575 209 671 258 curru
684 209 834 259 succuum
909 265 913 272 ,

174 366 339 442 convolsis,
354 366 483 427 tussibus
503 366 626 426 vetustis
645 364 966 445 exscreationibuaque,
986 367 1171 445 praecordio-

173 470 234 512 rum
255 450 423 511 tumoribus.
461 458 546 511 sanat
567 458 597 509 et
613 450 788 526 vertigines,
807 449 963 525 tremulos,
985 450 1172 529 opisthotoni·

175 553 244 612 cos,
274 536 385 611 lienes,
410 534 538 611 lumbos,
563 533 778 611 perfrictiones.
815 534 898 593 datur
919 533 1114 595 olfactandum
1135 554 1173 596 ex

173 629 257 680 aceto
275 620 303 678 in
321 619 498 696 strangulatu
520 617 636 678 volvae.
672 619 780 678 cetaria
801 619 831 677 et
851 619 932 696 potui
953 617 1037 678 datur
1061 627 1091 677 et
1112 635 1172 680 cnm

174 705 242 764 oleo
259 703 417 764 infricatur.
443 701 564 781 prodest
579 709 608 760 et
622 709 722 760 contra
736 701 812 761 mula
828 697 1047 762 medicamenta.
1184 727 1195 767 ι

36 840 38 852 .
132 797 183 853 198
239 787 322 867 (76.)
355 777 514 867 Papaveris
540 784 623 844 sativi
647 785 701 843 tria
728 785 851 844 diximus
872 802 998 864 genera,
1020 793 1049 846 et
1071 796 1172 864 sponte

175 873 321 933 nascentis
337 872 393 932 alia
413 869 604 950 promisimus.
629 883 646 926 e
661 869 761 927 satiris
776 868 833 927 albi
849 869 935 942 calyx
949 870 1014 947 ipse
1029 872 1130 930 teritur
1145 880 1174 931 et

174 976 190 1017 e
205 958 273 1015 vino
289 955 394 1016 bibitur
410 954 501 1013 somni
522 969 626 1031 causa.
657 969 756 1011 semen
772 952 961 1030 elephantiasi
976 954 1118 1013 medetur.
1157 971 1173 1014 e

172 1043 255 1118 nigro
282 1053 431 1117 papavere
458 1052 549 1114 sopor
572 1036 700 1112 gignitur
724 1051 816 1114 scapo
842 1037 952 1111 inciso,
979 1039 1010 1096 bt
1032 1037 1174 1115 Diagoras

173 1125 286 1197 suadet,
305 1137 367 1180 cum
381 1121 533 1196 turgescit,
553 1119 698 1197 allodes,
717 1139 781 1180 eum
796 1120 975 1197 deflorescit,
991 1121 1064 1181 bora
1079 1124 1174 1182 sereni
1184 1141 1207 1182 ro

173 1209 230 1268 diei
245 1207 344 1279 tertia,
361 1202 418 1262 boe
433 1213 478 1264 est
493 1221 557 1264 cnm
570 1220 621 1263 ros
636 1206 665 1262 in
680 1221 716 1264 eo
729 1205 884 1265 exaruerit.
907 1205 995 1264 incidi
1010 1203 1110 1264 iubent
1122 1205 1175 1264 sub

101 1287 106 1300 '
173 1292 267 1368 eapite
288 1295 318 1347 et
341 1286 460 1362 calyce,
482 1303 538 1348 nec
558 1289 587 1344 in
606 1287 664 1345 alio
686 1304 797 1362 genere
818 1289 911 1363 ipsum
931 1287 1063 1347 inciditur
1079 1298 1175 1368 caput.
1254 1331 1255 1362 p

131 1383 279 1441 laesurus
303 1379 332 1428 et
353 1369 400 1428 bic
421 1378 450 1428 et
470 1369 579 1429 herbae
596 1370 801 1445 cuiuscumque
823 1368 888 1428 lana
904 1369 1049 1446 excipitur
1064 1379 1128 1447 aut,
1151 1374 1178 1431 si
1254 1367 1255 1372 ’

173 1457 294 1532 exiguus
311 1461 373 1528 est,
390 1469 488 1530 ungue
506 1451 639 1532 pollicis,
662 1460 693 1510 ut
707 1451 843 1528 lactucis,
865 1459 894 1510 et
911 1459 1032 1530 postero
1054 1451 1101 1512 die
1116 1472 1178 1515 ma·

172 1543 216 1620 gir
233 1539 311 1618 quod
325 1538 436 1597 inaruit.
465 1537 620 1615 papaveris
634 1552 706 1595 vero
722 1535 822 1612 largus
838 1534 975 1595 denmtur
991 1544 1020 1595 et
1032 1537 1061 1594 in
1076 1538 1179 1614 pastil·
1189 1562 1210 1602 rs

158 1626 218 1685 ,loa
235 1625 317 1683 tritus
332 1624 360 1680 in
375 1620 475 1682 umbra
491 1622 629 1694 siccatur,
645 1635 702 1692 non
716 1619 745 1677 vi
761 1619 926 1697 soporifera
944 1620 1048 1696 modo,
1062 1638 1178 1699 verum,

175 1710 199 1768 si
219 1708 368 1787 eopiosior
383 1705 546 1780 hauriatur,
570 1703 654 1764 etiam
676 1702 825 1769 mortifera
847 1719 1054 1782 per-somnos,
1079 1701 1179 1783 opium

172 1801 288 1852 uocant.
323 1794 366 1851 sic
387 1791 493 1850 scimus
510 1790 710 1865 interemptum
726 1786 756 1847 P.
768 1785 858 1846 Licini
874 1784 1019 1848 Caecinae
1037 1789 1179 1866 praetorii

172 1879 226 1937 viri
252 1880 363 1954 patrem
394 1875 422 1932 in
451 1871 587 1950 Hispania
615 1870 725 1948 savin,
759 1889 823 1930 cum
851 1871 987 1932 valetudo
1019 1871 1178 1951 inpetibilis

130 1959 288 2024 aooodtun
304 1959 381 2016 vitae
400 1956 537 2033 lecisset,
559 1958 627 2014 item
646 1955 806 2034 plerosque
827 1954 909 2032 allps.
934 1973 1004 2034 [qua
1026 1956 1064 2015 de
1087 1973 1212 2017 causano

172 2058 275 2118 magna
291 2041 469 2100 concertatio
486 2041 605 2101 exstitit.
627 2038 770 2116 Diagoras
791 2047 821 2098 et
839 2037 1030 2100 Erasistratus
1044 2040 1073 2098 in
1086 2047 1180 2100 toturn

174 2125 346 2186 damnavere
362 2132 393 2183 ut
409 2124 603 2200 mortiferum,
625 2123 734 2182 inlundi
749 2131 881 2183 vetantes
895 2133 1067 2201 praeterea,
1085 2139 1178 2201 quon·

172 2210 228 2269 iam
242 2210 316 2269 visui
332 2218 461 2270 noceret.
491 2206 598 2268 addidit
612 2206 745 2266 Andreas
764 2206 831 2266 ideo
852 2223 909 2266 non
924 2208 1054 2285 protinus
1070 2223 1179 2266 excae·

174 2295 233 2353 cari
247 2309 301 2369 eo,
318 2294 452 2372 quoniam
466 2291 677 2352 adulteraretur
687 2290 893 2350 Alexandriae.
918 2290 970 2350 sed
985 2299 1090 2370 postea
1105 2308 1180 2350 naus

173 2379 235 2437 eius
252 2393 309 2436 non
330 2375 499 2454 inprobatus
515 2382 560 2433 est
575 2373 784 2433 medicamento
805 2373 897 2433 nobili
919 2374 998 2452 quod
1020 2374 1180 2436 diacodion
1190 2394 1215 2434 as

130 2468 304 2525 iolvocaut.
333 2461 442 2519 semine
458 2473 574 2534 quoque
590 2458 652 2516 eius
666 2457 734 2516 trito
748 2459 777 2516 in
790 2457 924 2534 pastillos
938 2475 955 2517 e
970 2457 1048 2530 lacte
1060 2467 1182 2518 utuntur

173 2545 209 2604 nd
225 2558 370 2619 somnum,
394 2543 462 2600 item
477 2541 514 2600 ad
533 2539 635 2618 eapitis
653 2539 772 2600 dolores
788 2557 851 2600 oum
870 2557 1013 2618 rosaceo,
1035 2559 1099 2602 eum
1117 2542 1182 2602 boc

173 2636 203 2686 et
219 2627 327 2685 aurium
342 2624 437 2686 dolori
452 2623 627 2684 instillatum.
650 2622 788 2702 podagris
803 2623 930 2686 inlicitur
943 2643 1008 2684 eum
1023 2625 1099 2686 lacte
1114 2643 1181 2684 mu·

172 2710 291 2783 liernm,
306 2741 349 2752 -
363 2709 406 2768 sic
422 2716 452 2770 et
468 2707 546 2768 loliis
559 2708 631 2785 ipsis
642 2716 758 2768 utuntur
772 2741 828 2784 -‚
845 2707 913 2766 item
928 2707 964 2768 ad
979 2709 1055 2785 ignis
1071 2727 1181 2770 sacros

173 2803 202 2854 et
217 2793 337 2854 uolnera
353 2811 391 2852 ex
412 2801 507 2853 aceto.
545 2809 601 2868 ego
619 2800 714 2852 tamen
730 2790 923 2852 damnaverim
946 2791 1077 2868 collyriis
1090 2793 1177 2868 addi,
1189 2813 1215 2856 aa

171 2877 319 2957 multoque
343 2879 434 2954 magis
456 2893 527 2954 quas
550 2883 657 2935 vocant
681 2875 861 2954 lexipyretus
882 2892 1012 2954 quasque
1039 2879 1182 2956 pepticas

130 2969 223 3037 tonet
238 2961 395 3023 coeliacus.
418 2960 530 3035 nigrum
543 2967 637 3018 tamen
652 2959 789 3018 coeliacis
803 2958 832 3016 in
846 2958 914 3018 vino
928 2957 1022 3019 datur.
1051 2961 1183 3020 sativom

173 3061 257 3105 omne
276 3045 375 3106 maius.
401 3040 522 3104 rotunda
538 3041 565 3100 ei
584 3043 695 3119 capitu,
711 3050 740 3101 at
756 3041 882 3101 silvestri
897 3042 985 3119 longa
1004 3059 1040 3103 ac
1054 3044 1182 3122 pusilla,

172 3129 224 3189 sed
241 3129 276 3189 ad
292 3129 383 3188 omnis
396 3123 518 3186 effeetus
529 3125 698 3186 valentiora.
720 3124 891 3204 decoquitur
906 3134 936 3185 et
950 3126 1056 3186 bibitrr
1069 3135 1183 3187 eontra

172 3213 303 3290 vigilias,
321 3210 480 3287 eademque
496 3224 568 3286 aqua
583 3209 683 3270 lavent
696 3225 756 3267 ora.
779 3218 923 3288 opmmum
933 3209 963 3268 in
977 3211 1066 3271 siccis
1080 3219 1112 3270 et
1124 3210 1183 3271 ubi
1193 3229 1218 3274 st

172 3311 239 3354 raro
257 3295 346 3372 pluat.
387 3309 451 3353 cum
471 3294 565 3370 capita
586 3295 650 3372 ipsa
666 3301 696 3352 et
712 3291 781 3351 lolia
798 3293 992 3368 decocuntur,
1009 3311 1095 3353 sucus
1112 3312 1181 3354 nre-

131 3387 183 3440 toe
195 3378 306 3438 eonium
325 3386 446 3438 vocetur
462 3377 579 3436 multum
597 3376 666 3455 opio
687 3376 828 3451 ignavior.
863 3375 1100 3455 Experimentum
1122 3379 1184 3458 opi

173 3469 219 3522 est
238 3461 357 3539 primum
377 3461 406 3520 in
425 3461 516 3522 odore
533 3493 575 3506 -
589 3461 732 3520 sineernm
753 3461 827 3520 anina
843 3462 959 3541 perpeti
977 3470 1096 3522 nonest
1111 3493 1183 3540 -‚
