2538 3864
165 218 225 281 too
500 227 806 278 c.1>1.1n1sncunor

163 403 234 444 mus.
264 381 439 444 medicorum
449 384 561 444 ratione
572 402 588 444 a
599 383 690 444 farina
705 383 807 444 hordei
824 382 910 444 distat
924 402 960 462 eo
973 385 1049 464 quod
1064 395 1153 448 torre·

164 478 223 544 tur,
239 467 276 528 ob
290 467 319 527 id
334 467 490 530 stomacho
498 468 584 529 utilis
616 468 710 528 alvorn
724 469 799 527 sistit
812 468 992 547 impetusque
1008 469 1153 532 rubicundi

162 552 297 628 tumoris,
319 560 348 610 ct
371 550 463 611 oculis
484 551 609 611 inlinitur
633 560 662 611 et
680 538 782 629 capitis
803 550 897 610 dolori
916 569 980 612 curn
1000 562 1094 613 menta
1109 564 1154 615 aut

163 635 218 696 alia
233 635 425 712 refrigerante
440 634 544 711 herba,
562 635 630 694 item
647 633 831 713 pernionibus
853 643 882 694 et
903 638 1077 714 serpentium
1095 638 1153 717 pla-

152 720 224 796 gis,
241 719 309 779 item
325 717 460 791 ambustis
475 737 512 778 cx
526 719 610 794 rino,
627 717 793 797 inhibetque
804 717 930 796 pusulas.
1163 741 1176 782 s

122 809 170 869 127
247 797 330 884 (60.)
351 797 453 862 Farina
467 803 496 862 in
509 802 647 881 pollinem
662 800 780 862 subacta
795 803 852 860 rim
868 802 1035 863 extrahendi
1050 806 1153 864 umoris

162 885 265 962 habet,
287 886 353 946 ideo
376 894 405 944 et
427 903 531 946 cruore
552 885 678 945 subfusis
700 887 728 944 iu
747 884 853 945 fascias
878 903 971 963 usque
990 889 1154 964 sanguinem

79 985 81 990 ’
130 984 134 990 ’
162 969 479 1048 perducit,.eilicacius
501 970 530 1028 in
549 986 629 1048 sapa.
659 969 804 1048 inponitur
824 977 854 1028 et
872 968 977 1047 pedurn
1003 971 1079 1030 callo
1098 971 1153 1031 cla·

161 1055 274 1133 risque.
305 1071 370 1114 narn
386 1071 449 1114 curn
464 1054 531 1113 oleo
545 1062 647 1112 vetere
664 1070 700 1112 ao
718 1053 785 1132 pice
803 1052 927 1112 decocto
953 1054 1063 1132 polline
1088 1071 1153 1115 con·

162 1138 306 1213 dylomata
321 1145 350 1196 et
364 1135 419 1197 elie
434 1136 527 1196 onnirie
545 1136 622 1198 sedis
639 1136 707 1196 vitia
722 1154 806 1215 quam
819 1153 950 1196 maxume
965 1136 1058 1198 calido
1072 1140 1152 1198 ruira-
1163 1155 1189 1196 no

160 1221 248 1281 bilem
262 1221 290 1278 in
302 1219 416 1279 modurn
433 1230 574 1281 curantur.
603 1221 683 1298 pulte
705 1235 811 1299 corpus
832 1230 960 1298 augetur.
991 1221 1080 1282 farina
1101 1238 1153 1300 qua

162 1305 278 1365 chartae
294 1302 467 1378 glutinantur
477 1305 643 1380 sanguinem
656 1303 873 1364 exscreantibus
889 1302 970 1363 datur
980 1305 1079 1382 tepida
1094 1322 1155 1365 sor·

162 1386 256 1448 banda
272 1384 438 1445 efficaciter.

120 1480 170 1535 128
242 1467 325 1548 (61.)
347 1467 432 1530 Alica
447 1485 496 1527 res
511 1465 639 1526 Romana
663 1474 752 1526 estet
770 1484 827 1527 nou
846 1467 957 1546 pridem
979 1470 1155 1549 excogitata,

44 1575 47 1586 ¹
161 1554 269 1633 alioqui
286 1569 344 1612 non
365 1552 474 1612 tisanae
497 1552 591 1629 potius
613 1550 713 1612 laudes
734 1548 919 1629 scripsissent
939 1549 1052 1614 Graeci.
1084 1571 1189 1616 nou-1⁵

161 1639 226 1699 dum
243 1636 365 1697 arbitror
383 1635 503 1714 Pompei
516 1633 612 1713 blagni
627 1643 721 1695 aetate
735 1635 764 1694 in
776 1651 828 1694 usu
843 1634 951 1712 luisse,
974 1645 1003 1696 et
1022 1637 1088 1698 ideo
1106 1640 1154 1698 vix

162 1723 312 1800 quicquam
329 1721 364 1782 dc
380 1737 414 1779 ca
431 1721 567 1798 scriptum
582 1719 616 1779 ab
632 1717 813 1797 Asclepiadis
831 1718 940 1780 schola.
959 1737 1026 1779 esse
1042 1721 1154 1798 quidem
1241 1758 1243 1769 ι

162 1806 266 1865 eximie
280 1805 377 1864 utilem
393 1819 476 1862 nemo
492 1803 616 1879 dubitat,
632 1803 694 1861 sive
716 1802 792 1861 eluta
813 1801 896 1864 detur
917 1817 955 1861 ex
973 1820 1045 1882 aqua
1063 1803 1153 1864 mulsa

121 1899 171 1954 129
182 1891 243 1949 sive
262 1889 291 1946 in
312 1886 487 1947 sorbitiones
502 1886 623 1946 decocta
636 1887 698 1944 sive
715 1887 743 1945 iu
765 1885 883 1964 pultem.
915 1886 1016 1946 eadem
1038 1887 1067 1946 in
1086 1887 1151 1945 alvo
1242 1917 1243 1930 2

120 1991 153 2027 ns
161 1971 288 2032 sistenda
301 1978 443 2047 torretur,
458 1970 523 2030 dein
538 1970 666 2030 favorum
683 1986 751 2029 cera
767 1969 913 2047 coquitur,
930 1978 961 2029 ut
977 1987 1061 2049 supra
1080 1969 1150 2029 dixi·
1161 1989 1190 2032 oo

159 2072 230 2114 mus.
256 2053 441 2132 peculiariter
455 2062 548 2113 tamen
561 2053 649 2130 longo
665 2052 765 2112 morbo
781 2051 817 2111 ad
833 2051 1015 2113 tabitudinem
1027 2053 1152 2114 redactis

161 2136 294 2197 subvenit
313 2137 402 2196 ternis
428 2138 488 2196 eius
513 2135 622 2212 cyathis
642 2138 670 2195 in
693 2134 847 2196 sextarium
867 2153 958 2213 aquae
979 2139 1084 2197 sensim
1103 2137 1155 2196 de·

162 2220 269 2298 coctis,
286 2220 380 2282 donec
397 2220 486 2280 omnis
501 2237 574 2299 aque
589 2227 784 2295 consumatur,
809 2227 912 2297 postea
927 2221 1053 2280 sextario
1069 2220 1156 2280 lactis

161 2305 240 2364 ovilli
256 2312 303 2364 eut
314 2305 421 2382 caprini
433 2304 528 2364 addito
539 2321 593 2382 per
605 2303 754 2363 continuos
766 2302 838 2378 dies,
849 2316 918 2362 mox
929 2303 1041 2363 adiecto
1054 2303 1156 2364 melle.

160 2388 210 2450 tali
224 2405 332 2465 penore
349 2386 514 2447 sorbitionis
531 2386 716 2446 emcndantur
730 2395 877 2461 syntexes.
1165 2410 1193 2450 25

120 2481 172 2536 130
244 2471 327 2550 (62.)
349 2469 427 2530 blilio
442 2470 550 2530 sistitur
564 2470 662 2545 alvos,
678 2469 863 2529 discutiuntur
872 2468 1008 2545 tormina
1024 2470 1053 2529 in
1068 2488 1156 2549 quern

160 2572 241 2614 usum
263 2562 388 2613 torretur
410 2561 485 2613 aute.
512 2569 665 2617 nervorum
685 2552 833 2614 doloribus
855 2561 884 2613 et
905 2552 968 2615 aliis
989 2552 1134 2615 fervens
1124 2575 1156 2614 nn

161 2652 248 2696 sacco
260 2636 417 2714 inponitur,
430 2653 525 2717 neque
536 2636 612 2697 aliud
623 2637 733 2736 utilius,
751 2638 892 2736 quoniam
893 2636 1067 2696 levissimum
1080 2639 1153 2696 mol·

160 2721 355 2799 lissimumque
377 2729 422 2779 est
443 2730 473 2781 et
494 2719 599 2780 caloris
623 2721 849 2798 capacissimum.
883 2720 979 2799 itaque
1001 2720 1065 2780 talis
1082 2738 1153 2779 usus

161 2805 223 2864 eius
244 2812 289 2862 est
307 2804 341 2864 ad
363 2805 455 2864 omnia
476 2803 583 2902 quibus·
602 2803 681 2866 calor
701 2804 864 2884 profuturus
885 2783 1065 2864 estferiae
1088 2805 1193 2863 eiusso

145 2907 224 2966 ¹oum
243 2889 310 2966 pice
332 2887 437 2966 liquida
455 2887 630 2968 scrpdntium
650 2897 679 2948 ct
699 2887 872 2965 multipedae
886 2887 981 2966 plagis
998 2887 1153 2966 inponitur.

119 2982 168 3037 131
243 2970 326 3049 (63.)
350 2971 481 3031 Panicum
496 2971 615 3033 Diocles
631 2972 758 3032 medicus
774 2969 832 3031 mel
848 2971 961 3048 frugum
982 2970 1153 3049 appellarit.

160 3055 281 3116 effectus
296 3055 384 3115 habet
398 3071 472 3134 quos
488 3055 601 3114 milium.
632 3055 660 3114 in
681 3057 746 3115 vino
766 3064 864 3133 potum
886 3053 1006 3132 prodest
1025 3053 1155 3128 dysinte-

159 3140 237 3199 ricis.
270 3139 399 3199 similiter
414 3139 458 3198 his
474 3155 545 3217 quae
566 3138 729 3216 vaporanda
742 3147 807 3198 sunt
826 3137 1016 3198 excalfactum
1039 3135 1156 3216 inponi-

158 3232 213 3282 tur.
228 3222 302 3281 sistit
317 3222 411 3281 alvom
422 3223 450 3281 in
465 3221 547 3282 lacte.
557 3223 673 3301 caprino
688 3223 836 3283 decoctum
849 3230 878 3280 et
891 3220 936 3280 bis
947 3221 994 3281 die
1009 3221 1150 3282 haustum.
1163 3239 1200 3282 ss

160 3308 202 3364 sic
216 3305 337 3384 prodest
350 3315 379 3366 et
393 3307 428 3367 ad
444 3307 571 3366 tormina.

118 3397 169 3451 132
242 3389 324 3469 (64.)
345 3391 454 3451 Sesirna
476 3390 540 3450 trita
560 3391 674 3449 invino
698 3399 808 3469 sumpta
836 3389 945 3450 inhibet
967 3389 1152 3450 vomitiones.

54 3537 63 3547 ,
160 3472 268 3532 aurium
288 3473 496 3546 inflammationi
517 3473 641 3534 inlinitur
660 3481 690 3533 et
714 3473 858 3534 ambustis.
899 3473 998 3535 eadem
1013 3473 1109 3534 eflicit*
1122 3483 1156 3534 et
