2552 3866
109 215 112 221 ,
151 183 217 246 425
492 181 795 244 cuniulseouum

157 369 212 428 qne
224 349 291 410 talis
302 358 379 408 terra
391 357 496 424 aratur,
514 367 578 408 cum
594 349 708 407 seritur.
734 347 807 407 alius
820 345 892 405 ordo
903 353 943 421 ιιι,
955 344 1004 406 ubi
1016 346 1153 407 adoreum

155 434 256 508 fuerit,
281 439 379 492 cesset
401 441 534 510 quattuor
558 430 704 491 mensibus
725 430 852 489 bibernis
877 438 906 488 et
925 446 1043 488 vernam
1058 429 1153 490 fabam

156 519 277 595 recipiat
293 517 331 577 ita
347 524 377 575 ιιι
392 524 458 574 ante
473 515 626 575 hiemalem
640 531 678 572 ne
694 523 801 574 cesset
831 513 913 572 nbuis
931 513 1046 590 pinguis
1067 514 1152 574 alter·

155 602 216 661 nari
232 608 338 679 potest.
358 601 396 658 ita
411 599 441 658 fit
455 608 485 658 ut
497 599 639 659 frumento
652 597 764 658 sublato
781 597 916 672 legumen
927 598 1013 656 tertio
1029 606 1151 673 seratur,

43 695 44 700 ’
143 684 293 762 =gracilior
308 685 380 742 etin
395 700 496 742 annum
511 684 624 744 tertium
640 690 746 740 cesset.
776 681 945 740 trumentum
966 681 1025 739 seri
1040 681 1178 758 quideme

156 776 252 828 vetant
267 768 322 827 nisi
336 767 365 825 in
379 783 414 825 ea
430 784 504 844 queo
519 778 661 844 proxumo
676 782 749 824 anno
766 763 916 841 quieverit.

114 840 163 920 mn
227 851 310 930 (53.)
332 848 492 909 Maxumam
506 849 588 909 buius
605 849 664 909 loci
678 856 788 926 partem
809 847 1026 906 stercorationis
1043 847 1153 924 optinet

70 941 72 948 ’
114 954 172 998 nso
183 935 267 1011 ratio,
283 935 319 994 de
336 951 392 1012 qua
408 942 437 993 et
452 935 542 1013 priori
557 933 678 993 diximus
693 930 847 990 volumine.
878 930 936 989 boo
951 938 1057 989 tantum
1080 932 1152 990 enim
1220 973 1223 982 ,

152 1017 181 1074 in
197 1017 333 1077 confesso
354 1026 397 1076 est
413 1017 466 1076 nisi
483 1027 643 1077 stercorato
661 1017 720 1074 seri
735 1030 791 1074 non
808 1023 962 1092 oportere,
984 1030 1153 1092 quamquam

156 1111 184 1160 et
206 1101 253 1161 bic
273 1102 358 1178 leges
382 1109 446 1160 sunt
467 1103 612 1179 propriae.
642 1098 768 1173 blilium,
788 1099 931 1176 panicum,
947 1113 1033 1174 repa,
1059 1115 1152 1176 napus
1163 1117 1188 1158 io

154 1187 209 1244 nisi
224 1187 253 1243 in
269 1193 430 1245 stercorato
447 1202 504 1244 non
520 1185 633 1244 seritur.
664 1199 722 1241 non
737 1189 899 1242 stercorato
913 1180 1082 1240 trumentum
1099 1198 1151 1258 po·

153 1270 210 1328 tius
228 1286 311 1346 quam
334 1268 472 1328 hordeum
492 1268 605 1327 seritur.
636 1267 704 1326 item
720 1266 748 1324 in
764 1264 933 1339 novalibus,
951 1265 1062 1344 tametsi
1075 1264 1103 1324 iu
1118 1264 1151 1323 il·

153 1350 189 1411 lis
204 1352 298 1412 fabam
314 1353 371 1411 seri
387 1351 503 1427 volunt,
526 1351 646 1410 eandem
665 1349 835 1426 ubicumque
854 1365 937 1426 quam
954 1349 1152 1408 recentissime

112 1443 163 1500 193
170 1445 331 1496 stercorato
349 1435 424 1496 solo.
461 1435 603 1494 Autumno
619 1433 727 1511 aliquid
742 1441 854 1492 saturus
869 1430 1033 1509 Septembri
1052 1449 1152 1492 mense
1254 1463 1258 1467 -

154 1521 247 1579 fimum
262 1521 354 1578 inuret
368 1529 435 1598 post
450 1517 576 1577 imbrem.
606 1517 703 1595 utique
719 1517 743 1574 si
764 1533 853 1576 verno
876 1516 930 1576 erit
950 1524 1078 1595 saturus,
1099 1533 1187 1595 peric

155 1604 268 1662 hiemen
296 1603 389 1662 fimum
415 1603 557 1680 disponet.
600 1601 705 1660 iustum
735 1609 780 1659 est
806 1599 889 1660 vebis
922 1599 1091 1667 octodecim,
1110 1601 1152 1658 iu·

155 1705 227 1764 gero
243 1687 347 1762 tribui,
365 1687 536 1765 dispergere
553 1694 647 1744 autem
674 1684 839 1762 prinsquam
855 1701 930 1742 aree.
961 1692 988 1742 at
1010 1684 1085 1743 ieoto
1106 1701 1152 1742 se·

154 1772 245 1847 mine,
272 1772 296 1830 si
314 1770 388 1829 baec
403 1771 509 1829 omissa
527 1771 562 1827 sit
580 1769 768 1844 stercoratio,
786 1785 912 1844 sequeus
928 1775 973 1828 est
988 1767 1153 1845 priusquam

115 1855 271 1929 194sarias,
284 1862 390 1913 tantum
401 1853 533 1931 pulvere.
551 1849 635 1923 Quod
646 1859 676 1910 ιιι
691 1851 763 1910 hanc
775 1867 892 1929 ¹quoqne
909 1868 1005 1910 curam
1018 1849 1152 1910 determi-

155 1955 272 2010 nemus,
293 1937 396 1994 iustum
418 1943 462 1994 est
477 1933 603 2011 singulas
619 1933 701 1994 vebis
717 1935 774 1994 iimi
788 1934 906 1995 denario
921 1936 963 1994 ire
979 1936 1007 1992 in
1023 1935 1151 2010 singulas
1162 1957 1187 1998 ιο

154 2019 282 2099 pecudes
297 2018 434 2094 minores,
449 2019 477 2076 in
492 2019 615 2078 maiores
630 2019 729 2079 denas.
756 2018 810 2077 nisi
825 2021 971 2095 continget
987 2017 1059 2094 hoc,
1077 2018 1151 2078 male

155 2101 348 2162 substravisse
364 2103 464 2179 pecori
480 2102 613 2162 colonum
630 2102 775 2182 adpareat.
806 2101 877 2162 Sunt
889 2103 936 2180 qui
948 2111 1063 2180 optume
1079 2112 1151 2162 ster·

156 2187 250 2246 corari
280 2194 380 2264 putent
406 2186 458 2246 sub
478 2187 525 2246 din
554 2185 664 2246 retibus
693 2185 802 2245 inclusa
829 2203 967 2263 pecorum
993 2187 1150 2250 mansione.

155 2268 237 2345 Ager
260 2271 361 2330 sinon
382 2279 574 2346 stercoratur,
599 2269 694 2346 alget,
716 2270 740 2328 si
765 2270 877 2328 nimium
900 2278 1079 2348 stercoratus
1095 2278 1150 2346 est,

155 2353 290 2428 aduritur,
307 2355 453 2432 satiusque
471 2353 559 2413 estid
579 2369 669 2428 saepe
692 2369 775 2428 quem
797 2370 883 2431 supra
905 2351 1018 2413 modum
1039 2353 1148 2414 iacere.
1160 2382 1186 2422 25

157 2454 214 2515 quo
231 2436 350 2496 calidius
366 2438 458 2496 solum
474 2443 530 2511 est,
547 2451 582 2494 eo
599 2435 689 2494 minus
707 2434 772 2499 addi
787 2437 925 2496 stercoris
941 2436 1013 2495 ratio
1030 2447 1084 2496 est.

113 2527 163 2582 195
231 2517 280 2578 24.
305 2520 388 2597 (54.)
412 2520 516 2578 Semen
534 2526 676 2596 optumum
695 2518 987 2595 anniculum‚bimum
1012 2519 1167 2598 deterius‚''

156 2602 266 2662 trimum
281 2620 462 2681 pessumum,
477 2602 552 2661 ultra
568 2601 679 2661 sterile.
716 2603 792 2661 etin
815 2620 870 2663 uno
894 2604 1015 2662 omnium
1036 2603 1150 2664 definita

154 2702 263 2762 genere
278 2686 350 2744 ratio
370 2695 429 2745 est:
446 2686 522 2764 quod
537 2687 633 2745 inimo
649 2701 717 2756 area
732 2685 861 2748 subsedit
877 2686 912 2746 ad
934 2703 1033 2746 semen
1053 2705 1149 2747 reser-

155 2768 276 2830 vandum
292 2778 346 2844 est,
363 2769 392 2830 id
409 2770 481 2829 enim
498 2779 651 2849 optumum,
669 2771 800 2848 quoniam
816 2770 1031 2847 gravissimum,
1053 2789 1185 2849 nequem

155 2853 212 2912 alio
235 2853 319 2912 modo
333 2854 430 2913 utilius
445 2853 626 2932 dispescitur.
657 2871 731 2931 qnae
752 2855 831 2932 spica
847 2853 1025 2914 intervallata
1040 2857 1148 2915 semina

154 2935 270 2996 babebit
284 2935 432 2996 obicietur.
465 2947 609 3016 optumum
629 2955 746 3014 granum
767 2936 844 3012 quod
863 2935 946 2998 rubet
967 2946 996 2996 et
1015 2937 1147 3004 dentibus

155 3019 276 3080 fractum
291 3022 412 3081 eundem
428 3019 515 3080 habet
532 3019 670 3096 colorem,
687 3020 813 3080 deterius
838 3021 884 3080 cui
906 3020 969 3097 plus
990 3021 1065 3080 intus
1090 3021 1149 3082 albi

113 3111 164 3166 196
172 3112 225 3163 et.
257 3101 372 3164 Certum
387 3113 479 3164 terras
495 3104 565 3163 alias
580 3103 645 3181 plus
662 3104 777 3163 seminis
793 3105 942 3181 recipere,
958 3102 1028 3162 alias
1045 3106 1146 3180 miuus,

153 3186 378 3267 religiosumque
399 3187 464 3247 inde
485 3188 604 3264 primum
625 3188 735 3247 colonis
757 3188 918 3265 augurium:
949 3203 1013 3249 cum
1036 3190 1182 3257 avidiusm

82 3268 85 3273 ’
154 3271 287 3346 accipiat,
304 3271 413 3331 esurire
429 3270 552 3330 creditur
567 3281 596 3330 et
611 3288 743 3332 comesse
761 3289 868 3332 semen.
906 3269 1051 3330 Sotionem
1071 3273 1145 3332 locis

154 3353 256 3412 umidis
268 3353 390 3414 celerius
406 3355 468 3414 fieri
484 3355 556 3414 ratio
574 3365 628 3432 est,
646 3373 682 3415 ne
698 3372 795 3416 semen
804 3352 896 3416 imbre
911 3362 1068 3433 putrescat,
1088 3357 1144 3414 sic·

155 3437 196 3495 cis
215 3437 316 3513 serius,
332 3447 362 3498 ut
378 3438 492 3518 pluviae
508 3449 672 3517 sequantur,
687 3457 723 3498 ne
742 3441 787 3499 diu
803 3440 900 3500 iacens
912 3447 998 3516 atque
1008 3454 1064 3498 non
1076 3455 1144 3498 cou-
