2534 3866
183 193 223 255 78
539 204 569 253 c.
585 205 680 252 emm
696 204 844 253 sncuunr
882 200 884 206 ·

180 371 368 442 amputantur.
399 377 516 438 semper
534 361 683 422 custodem
703 359 825 436 relinqui
844 357 961 432 melius,
987 358 1041 417 sed
1061 359 1087 417 is
1107 367 1177 437 ppo·

141 471 173 506 aas
185 465 286 507 numus
301 446 352 506 viti
367 462 434 504 esse
449 443 554 519 debet,
576 461 632 502 nec
652 443 766 519 longior
779 459 863 519 quam
877 442 983 501 dictum
997 450 1058 517 est,
1081 451 1126 516 et,
1150 445 1177 503 si

149 572 152 578 .
182 529 388 592 luxuriaverint
408 527 558 606 palmites,
583 527 757 603 intorqueri,
777 534 807 586 ut
824 534 958 604 quattuor
975 527 1109 586 materias
1125 527 1176 615 uel

140 625 192 681 184
202 615 287 692 duas,
309 615 334 672 si
356 613 471 688 uniiuga
486 611 540 670 erit
553 611 655 684 vinea,
678 611 795 669 emittat.
833 608 891 686 {151
922 609 954 668 Si
979 626 1033 686 per
1054 626 1087 667 se
1107 610 1175 670 vitis

182 696 358 760 ordinabitur
373 697 435 754 sine
449 694 632 772 pedamento,
650 692 859 769 qualecumque
875 692 952 752 initio
974 691 1201 752 adminiculuma

81 838 86 854 ,
181 779 368 856 desiderabit,
383 779 447 838 dum
462 786 539 836 stare
556 777 707 845 condiscat
719 784 747 834 et
760 784 841 834 reeta
856 792 989 851 surgere.
1017 772 1123 836 Cetera
1137 776 1175 836 ad

181 864 366 946 primordium
388 861 498 922 eadem.
539 859 625 920 dividi
647 868 741 918 autem
760 858 907 936 putatione
928 857 1053 935 pollines
1073 860 1101 917 in
1124 877 1174 919 ae·

181 949 257 1029 quali
273 948 404 1008 examine
419 944 560 1021 undique,
581 961 617 1001 ne
639 949 814 1019 praegravet
835 937 946 1001 fructus
962 951 1044 1019 parte
1065 943 1173 1020 aliqua,
1259 987 1260 990 ,

180 1033 275 1093 obiter
289 1030 364 1089 idem
378 1028 542 1105 deprimens
558 1025 722 1105 prohibebit
735 1028 763 1085 in
775 1024 925 1090 excelsum
941 1026 1076 1086 emicare.
1099 1025 1175 1086 Huic

180 1119 281 1178 vineae
292 1114 380 1174 trium
395 1110 499 1188 pedum
514 1110 633 1170 altitudo
647 1109 794 1170 excelsior
804 1117 895 1182 nutat,
908 1109 1014 1168 ceteris
1029 1126 1046 1168 a
1061 1110 1172 1188 quinto,
1184 1131 1213 1173 1o

138 1211 188 1265 185
200 1201 264 1261 dum
285 1214 321 1255 ne
338 1195 462 1254 excedat
482 1193 604 1253 bominis
620 1193 825 1270 longitudinem
846 1194 956 1252 iustam.
994 1191 1032 1252 lis
1055 1209 1173 1270 quoqne

178 1299 253 1359 quae
271 1287 443 1358 sparguntur
465 1279 494 1337 in
516 1287 593 1336 terra
613 1276 711 1336 brevis
735 1277 771 1336 ad
792 1276 965 1337 limitandum
988 1293 1094 1336 caveas
1114 1276 1171 1334 cir·

178 1363 320 1438 cumdant,
336 1361 490 1422 scrobibus
500 1378 553 1438 per
568 1359 700 1420 ambitum
713 1359 808 1435 lactis,
820 1378 857 1419 ne
868 1361 934 1436 vagi
950 1359 1081 1437 palmites
1095 1361 1172 1418 inter

178 1467 211 1508 se
227 1454 354 1524 pugnent
371 1454 568 1520 occursantes,
585 1445 735 1522 maiorque
749 1461 817 1521 pars
832 1453 972 1503 terrarum
987 1444 1024 1504 ita
1042 1445 1173 1520 supinam

177 1533 206 1592 in
220 1531 324 1590 tellure
342 1530 511 1592 vindemiam
523 1529 615 1604 metit,
629 1528 769 1606 siquidem
784 1529 853 1586 etin
869 1526 968 1588 dirica
984 1536 1013 1586 et
1028 1527 1058 1586 in
1070 1526 1170 1604 Aegy·
1182 1543 1211 1583 15

178 1625 228 1694 pto
249 1614 390 1693 Syriaque
409 1631 443 1672 ac
463 1622 523 1674 tota
545 1612 614 1672 Asia
637 1621 667 1672 et
686 1611 780 1672 multis
798 1611 873 1670 loeis
887 1610 1023 1688 Europae
1044 1611 1091 1670 bio
1106 1628 1171 1670 mos
1259 1637 1260 1660 2

136 1709 187 1764 186
199 1698 360 1778 praevalet.
390 1696 429 1756 ibi
445 1713 516 1774 ergo
533 1697 730 1756 iuxtaterram
746 1695 885 1774 conprimi
904 1694 993 1754 debet
1014 1695 1096 1768 vitis,
1118 1710 1170 1753 eo·
1259 1703 1260 1764 ζ

177 1783 243 1842 dem
256 1782 341 1842 modo
358 1789 388 1840 et
401 1789 532 1858 tempore
546 1781 648 1840 nutrita
663 1769 761 1840 radice
778 1789 836 1856 quo
856 1780 884 1837 in
904 1779 1000 1855 iugata
1016 1779 1115 1852 vinea,
1139 1787 1171 1837 ut
1259 1791 1260 1856 ξ

178 1883 294 1944 semper
315 1864 439 1942 pollices
460 1872 564 1924 tanturn
583 1862 795 1941 relinquantur,
813 1861 902 1922 fertili
917 1862 982 1921 solo
999 1879 1061 1920 cum
1077 1861 1170 1920 tribus
1259 1879 1260 1885 ¹

178 1950 312 2026 gemmis,
327 1946 483 2022 graciliore
498 1946 588 2020 binis,
601 1954 787 2024 praestatque
803 1945 907 2006 multos
924 1963 991 2004 esse
1007 1963 1091 2023 quam
1105 1945 1168 2004 lon·
1179 1967 1210 2008 ao

142 2067 148 2074 -
178 2048 242 2108 gos.
274 2047 347 2107 quae
363 2028 399 2088 de
416 2039 514 2090 natura
530 2030 586 2089 soli
604 2029 723 2091 diximus
735 2039 812 2089 tanto
830 2029 994 2106 potentiora
1010 2030 1170 2088 sentientur

137 2122 186 2179 187
199 2122 303 2192 quanto
319 2113 439 2191 propior
455 2113 542 2172 luerit
562 2131 616 2173 uva
631 2122 736 2173 terrae.
769 2112 825 2190 [16]
849 2110 962 2173 Genera
984 2113 1115 2190 separari
1133 2131 1170 2172 ac

177 2197 297 2275 singulis
316 2197 430 2257 conseri
444 2195 580 2256 tractibus
592 2196 780 2270 utilissimum,
794 2229 836 2242 —
850 2196 972 2256 mixtura
988 2195 1064 2255 enim
1078 2213 1168 2272 gene-

176 2300 238 2341 rum
255 2281 339 2341 etiam
353 2281 382 2340 in
397 2281 474 2354 vino,
490 2297 547 2339 non
561 2281 688 2340 modain
703 2285 795 2339 musto
816 2278 940 2354 discors,
955 2313 997 2326 -
1011 2289 1060 2340 aut
1076 2281 1102 2338 si
1115 2282 1167 2338 mi·

177 2373 327 2439 sceantur,
351 2379 408 2422 non
424 2363 479 2423 alia
494 2381 577 2442 quam
595 2363 704 2440 pariter
722 2365 942 2422 maturescentia
960 2364 1040 2439 iungi
1062 2381 1207 2424 neces-as

177 2450 291 2509 sarium.
323 2448 391 2523 iuga
406 2445 508 2504 altiora
528 2463 584 2522 quo
602 2445 706 2505 laetior
727 2463 798 2522 ager
819 2455 848 2505 et
869 2464 926 2523 quo
947 2446 1075 2524 planior,
1098 2449 1166 2508 item

176 2529 304 2605 roscido,
319 2529 460 2589 nebuloso
476 2530 625 2606 minusque
640 2537 763 2588 ventoso
779 2531 960 2606 conveniunt,
977 2539 1077 2590 contra
1094 2534 1165 2591 umi-

177 2615 249 2674 liora
271 2612 372 2689 gracili
392 2621 421 2671 et
441 2613 521 2672 arido
544 2621 574 2671 et
595 2621 731 2672 aestuoso
751 2614 901 2691 ventisque
923 2615 1067 2692 exposito.
1097 2615 1166 2692 iuga
1258 2679 1259 2684 ,

177 2697 212 2757 ad
227 2697 426 2776 pedamentum
441 2713 523 2774 quam
545 2696 687 2756 artissimo
707 2696 783 2756 nodo
804 2697 905 2756 vinciri
920 2706 1053 2775 oportet,
1075 2700 1165 2758 vitem
1258 2689 1259 2754 j

176 2780 235 2840 levi
253 2780 400 2842 contineri.
434 2797 507 2857 quae
522 2798 632 2857 genera
647 2781 743 2840 vitium
759 2789 789 2840 et
803 2782 830 2841 in
845 2780 923 2856 quali
937 2782 1001 2840 solo
1019 2781 1207 2860 caeloque'ao
1258 2769 1259 2790 ¹

133 2863 202 2950 ,fflq
216 2873 314 2925 essent
332 2863 526 2940 conserenda,
550 2881 613 2922 cum
633 2881 864 2924 enumeraremus
883 2873 999 2924 naturas
1022 2883 1119 2924 earum
1135 2877 1166 2926 et

135 2959 185 3013 188
197 2951 335 3023 vinorum,
351 2947 519 3011 notavimus.
549 2946 605 3025 [17]
621 2946 665 3007 De
683 2948 795 3025 reliquo
811 2946 888 3006 cultu
903 2947 1090 3008 vehementer
1104 2968 1164 3009 am-

177 3032 291 3110 bigitur.
326 3031 459 3110 plerique
480 3039 590 3092 aestate
616 3039 676 3092 tota
700 3040 766 3108 post
786 3030 916 3108 singulos
938 3049 1020 3092 rores
1045 3034 1165 3094 confodi

176 3117 275 3176 iubent
289 3115 416 3189 vineam,
438 3114 487 3175 alii
511 3123 606 3174 vetant
622 3123 826 3192 gemmantem,
847 3115 943 3174 decuti
963 3115 1037 3174 enim
1059 3117 1163 3176 oculos

176 3209 325 3276 tractuque
340 3199 499 3258 intrantium
514 3197 621 3274 deteri,
642 3206 672 3258 et
688 3196 726 3257 ob
743 3197 772 3256 id
787 3197 941 3258 arcendum
957 3199 1060 3276 procul
1076 3215 1162 3259 omne
1172 3215 1203 3258 as

177 3283 291 3361 quidem
302 3299 402 3361 pecus,
412 3281 464 3341 sed
475 3299 605 3341 maxume
617 3281 749 3356 lanatum,
759 3281 891 3359 quoniam
902 3281 1037 3342 facillime
1048 3283 1163 3343 auferat

159 3383 313 3450 gemmas.
341 3366 469 3425 inimicos
485 3373 514 3424 et
530 3364 708 3442 pubescente
728 3383 784 3425 uva
799 3372 924 3442 rastros,
949 3367 1075 3444 satisque
1091 3385 1162 3426 esse

176 3437 290 3511 vineam
304 3458 348 3510 ter
361 3468 433 3512 anno
447 3448 573 3525 confodi,
587 3448 622 3510 ab
637 3450 818 3526 aequinoctio
830 3466 920 3510 verno
933 3449 968 3510 ad
976 3448 1162 3527 vergiliarum
1257 3531 1258 3540 ἵ
