2534 3866
84 210 86 218 ,
145 141 189 226 94Ι
446 115 452 121 ’
489 149 517 198 c.
534 151 629 198 rurur
644 148 792 230 secamur

147 314 201 368 est.
235 315 321 385 atque
339 323 401 364 cum
417 302 522 364 arbore
538 313 686 365 exacuant.
696 303 852 382 limentque
870 319 976 363 cornua
993 301 1140 381 elephanti

147 400 176 452 et
193 392 246 466 uri,
264 405 335 449 saxo
348 387 560 530 rYocerotes,
576 395 699 464 utroque
716 387 777 464 apri
790 387 915 446 dentium
930 386 1016 460 sicas,
1033 387 1139 445 sciant·

147 491 204 552 que
221 473 256 533 ad
273 489 368 532 noceo
388 490 434 530 um
449 485 623 548 praeparare
639 487 672 529 se
687 470 826 546 animalia,
844 470 922 549 quod
933 479 1028 530 tamen
1040 485 1140 528 eornm

119 565 276 635 aexcepto
298 556 413 614 homine
438 553 498 613 tela
519 571 570 612 sua
590 554 710 612 venenis
729 549 851 630 tinguit?
890 570 944 612 nos
966 561 996 612 et
1021 553 1155 646 sagittas'

146 642 296 716 unguimus
311 656 346 698 ac
358 639 438 697 ierro
450 636 504 714 ipsi
514 637 664 694 nocentius
680 636 788 714 aliquid
800 636 908 710 damus,
922 653 976 695 nos
987 644 1015 694 et
1027 636 1165 696 llnminas
1194 697 1198 702 ,
1255 647 1256 690 3

148 724 286 782 inficimus
310 730 339 781 et
360 738 454 781 rerum
470 727 587 779 naturae
602 718 753 783 clementa.
786 720 878 796 ipsam
894 736 1011 797 quoque
1026 735 1083 795 quo
1098 721 1141 778 vi·

147 809 221 868 uitur
244 823 341 868 aeram
361 805 390 863 in
409 802 567 882 perniciem
589 803 734 862 vertimus.
779 819 874 879 neque
896 811 941 861 cst
962 810 993 862 ut
1008 810 1142 880 putemus

147 891 274 968 ignorari
291 908 325 948 ea
352 887 387 947 ab
410 884 593 960 animalibus,
611 897 688 963 quae
703 885 818 963 quidem
839 903 912 964 quae
933 893 1143 964 praepararent

148 983 247 1035 contra
270 966 444 1050 serpentium
467 968 680 1044 dimicationes,
704 986 782 1046 qnae
793 978 859 1047 post
874 969 1017 1048 proelium
1033 967 1069 1028 ad
1082 987 1142 1028 me·

106 1057 170 1132 „⁸³⁸
194 1057 315 1118 dandum
338 1051 555 1128 excogitarent,
581 1052 775 1111 indicavimus.
814 1061 869 1112 nec'
889 1052 926 1113 ab
944 1053 1006 1112 ullo
1024 1061 1179 1130 praeterio
1205 1077 1208 1080 ⁴

119 1105 296 1200 4⁵ddominem
322 1151 435 1196 rcneuo
463 1144 604 1213 pugnatur
625 1135 730 1195 alieno.
772 1136 911 1197 fateamur
932 1129 1144 1213 ergo'culpam
1255 1171 1256 1218 3

148 1240 184 1290 ne
204 1222 248 1280 his
265 1219 380 1298 quidem
397 1235 473 1296 quae
491 1228 645 1278 nascuntur
661 1221 796 1296 contenti,
815 1221 920 1279 etenim
936 1229 1042 1298 quanto
1059 1219 1144 1298 plura
1255 1289 1256 1296 ἵ

149 1322 247 1364 eorum
277 1320 388 1380 genera
412 1301 532 1362 bumana
556 1321 638 1362 mann
660 1303 740 1362 liunt!
771 1301 859 1381 quid?
894 1321 952 1363 non
969 1312 998 1362 et
1021 1303 1144 1362 bominis
1171 1367 1174 1380 ⁸
1255 1341 1256 1370 ,

113 1431 119 1441 ,
149 1387 263 1467 quidem
278 1395 400 1445 emente
410 1404 520 1445 venena
535 1383 707 1445 nascuntur?
720 1395 781 1446 atra
794 1388 1035 1470 cen‘serpentium
1046 1387 1143 1463 lingua
1255 1387 1256 1410 l

63 1501 68 1526 t
147 1470 241 1530 vibrat
262 1469 404 1548 tabesque
426 1471 510 1528 animi
531 1478 664 1529 contacta
685 1470 777 1529 adurit
800 1470 971 1550 culpantium
992 1472 1085 1529 omnia
1105 1487 1178 1529 acus
1255 1503 1256 1508 κ

68 1609 75 1621 ,
148 1555 270 1615 dirarum
288 1554 384 1613 alitum
396 1553 481 1613 modo
494 1553 622 1614 tenebris
634 1571 750 1631 quoque
765 1556 823 1612 suis
839 1564 868 1614 et
878 1556 1004 1633 ipsarum
1015 1553 1142 1613 noctium

150 1639 237 1716 quieti
252 1637 436 1696 invidentium
451 1639 568 1713 gemitu,
586 1654 660 1716 quae
675 1636 738 1698 sola
753 1655 811 1696 vox
825 1656 923 1698 eorum
939 1646 995 1713 est,
1018 1646 1046 1696 ot
1063 1638 1141 1695 inau-

150 1723 322 1800 spicatarum
339 1721 604 1786 auimantiumuice
627 1721 704 1779 obvii
728 1739 843 1800 qnoque
864 1730 964 1781 vetent
986 1738 1075 1798 agere
1094 1727 1142 1778 aut
1170 1719 1173 1726 ’

120 1816 136 1867 5
151 1806 295 1883 prodesse
310 1805 395 1863 vitae.
417 1804 480 1860 'nec
494 1803 581 1862 ullum
596 1803 672 1864 aliud
689 1803 839 1864 abominati
855 1807 971 1882 spiritus
985 1803 1142 1882 praemium

149 1907 260 1949 novere
277 1905 360 1966 quarn
377 1887 475 1945 odisse
491 1887 592 1945 omnia.
623 1905 722 1946 verum
743 1898 772 1947 et
790 1890 818 1946 in
832 1888 888 1948 hoc
903 1887 1005 1948 eadem
1020 1896 1141 1948 naturae
1151 1911 1178 1952 20
1255 1885 1256 1950 l

115 2039 117 2043 ,
149 1973 284 2030 maiestas
299 1978 376 2030 tanto
393 1970 484 2048 pluris
499 1969 593 2029 bonos
609 1973 706 2047 genuit
722 1980 752 2029 ut
765 1971 883 2048 fruges,
899 1981 1003 2048 quanto
1019 1970 1143 2030 fertilior
1255 1961 1256 1980 ¹

150 2057 178 2113 in
195 2055 229 2111 iis
248 2071 321 2131 qnae
343 2055 439 2112 iuvant
458 2049 610 2133 aiuntque,
632 2071 751 2132 quorum
769 2055 965 2114 aestimatione
987 2064 1016 2114 et
1037 2052 1141 2132 gaudio

151 2153 204 2196 nos
226 2154 341 2215 quoque
365 2136 474 2196 relictis
495 2139 636 2198 exustioni
652 2156 720 2197 suae
742 2138 804 2196 istis
820 2137 962 2198 hominum
980 2139 1140 2216 rubisper·

121 2261 124 2268 «
151 2239 252 2297 gemus
270 2219 523 2296 excolere'vitam,
545 2237 639 2299 eoque
652 2222 838 2290 ,constantius
855 2239 911 2300 quo
933 2238 1043 2298 operae
1058 2219 1142 2281 nobis

150 2306 240 2365 maior
256 2322 338 2382 quam
355 2303 448 2363 lamae
463 2305 554 2380 gratia
571 2305 723 2381 expetitur.
754 2306 860 2382 quippe
872 2321 967 2369 sermo
987 2306 1063 2365 circa
1074 2321 1140 2364 rura
1151 2330 1177 2370 25
1255 2263 1256 2346 l

124 2387 128 2396 '
152 2397 197 2447 est
212 2389 393 2464 agrestisque
409 2405 493 2460 usus,
509 2387 560 2446 sed
580 2385 681 2463 quibus
696 2388 753 2446 vita
772 2393 885 2447 con'stet
900 2387 1050 2466 bonosque
1066 2388 1141 2466 apud

151 2473 264 2550 priscos
279 2487 425 2528 maxumus
439 2469 534 2528 luerit.

124 2564 141 2618 6
213 2551 241 2610 2.
267 2551 327 2630 (2.)
350 2552 492 2611 Arvorum
513 2553 683 2612 sacerdotes
702 2552 840 2614 Romulus
864 2557 1004 2633 inprimis
1023 2555 1142 2616 instituit
1255 2549 1256 2622 l

152 2653 242 2733 seqqe
262 2636 460 2696 duodecimum
481 2637 598 2697 iratrem
619 2637 777 2714 appellavit
798 2639 870 2698 inter
892 2638 958 2698 illos
974 2639 1055 2699 Acca
1069 2638 1140 2702 lau-

150 2729 242 2779 rentia
254 2719 363 2778 nutrice
375 2737 426 2781 sua
442 2721 567 2797 genitos,
583 2721 684 2799 spicea
699 2739 807 2781 corona
821 2739 893 2798 quac
908 2723 976 2782 vitta
993 2721 1058 2782 alba
1073 2740 1140 2782 con·
1151 2741 1177 2783 ao

151 2805 289 2882 ligaretur
306 2802 470 2862 sacerdotio
492 2805 520 2864 ei
540 2821 593 2882 pro
613 2804 830 2881 religiosissimo
849 2805 952 2882 insigni
970 2806 1053 2880 data,
1067 2822 1142 2883 quae

151 2890 241 2967 prima
257 2886 331 2965 apud
346 2885 491 2946 Romanos
508 2888 560 2947 luit
576 2899 693 2947 corona.
723 2889 873 2967 bonosque
896 2890 921 2947 is
941 2907 997 2949 uon
1014 2889 1068 2948 nisi
1084 2889 1142 2948 vita

72 2969 84 2998 '
123 2972 245 3035 linitur
256 2980 285 3030 et
297 2970 414 3032 exsules
430 2971 514 3031 etiam
534 2981 693 3050 captosque
709 2973 867 3031 comitatur.
884 2972 953 3032 Bina
964 2981 1030 3032 tunc
1041 2973 1142 3049 iugera

143 3055 258 3134 populo
279 3054 407 3116 Romano
431 3055 499 3114 satis
521 3064 616 3134 eraut,
637 3056 764 3132 nullique
783 3057 919 3116 maiorem
935 3056 1046 3116 modom
1063 3057 1141 3115 attri-

151 3139 226 3214 buit,
250 3155 305 3216 quo
328 3155 477 3198 servorum
503 3138 590 3216 paulo
614 3147 679 3200 ant'e
701 3141 837 3218 principis
858 3139 981 3199 Neronis
1004 3149 1177 3200 contentoas
1255 3131 1256 3216 l

151 3221 232 3282 huius
246 3224 321 3298 spati
342 3218 514 3282 viridiariis?
545 3225 670 3302 piscinas
691 3225 769 3283 iuvat
787 3226 910 3283 maiores
926 3223 1053 3298 babere,
1075 3240 1140 3300 gra·
1255 3221 1256 3235 ¹

152 3311 281 3382 tumque,
304 3307 327 3364 si
351 3322 407 3364 non
429 3306 553 3385 aliquem
570 3306 687 3368 culinas.
721 3305 811 3367 Numa
833 3307 951 3367 instituit
968 3306 1039 3366 deos
1055 3307 1142 3383 iruge
1255 3337 1256 3340 ¹

152 3388 251 3449 colere
268 3398 296 3448 et
308 3388 382 3450 mola
399 3389 476 3450 salsa
491 3391 657 3470 supplicare
672 3398 773 3470 atque,
791 3400 820 3450 ut
836 3391 936 3452 auctor
952 3401 996 3452 est
1010 3389 1140 3467 Hemina,
