2534 3866
172 167 213 224 to
432 169 435 176 ’
492 169 795 226 c.rutrt1smcurro1
894 185 896 194 »

171 328 295 386 ueniant.
326 341 381 386 nec
396 326 532 403 pauciora
549 339 641 402 prope
657 333 721 384 suut
734 341 852 400 genera.
882 332 941 384 tam
959 323 1083 400 benigne
1105 341 1157 382 na·

77 446 80 460 ·
170 421 252 470 turae
277 412 397 485 gratiam
421 409 579 467 retulimus.
616 416 665 466 aut
687 409 760 467 enim
783 408 891 467 semine
917 409 1088 486 proveniunt
1109 414 1157 466 aut

171 493 276 572 plantis
294 494 399 554 radicis
421 501 468 551 aut
486 491 646 568 propagine
664 500 718 556 aut
733 490 882 550 avolsione
904 499 950 550 aut
971 489 1087 550 surculo
1109 497 1156 548 aut

172 577 257 637 insito
272 578 300 636 in
316 585 454 636 consecto
469 574 580 632 arboris
594 581 704 634 trunco.
730 591 796 647 nam
816 573 885 632 lolia
906 574 1061 651 palmarum
1081 572 1156 652 apud

171 660 347 736 Babylonios
363 661 421 718 seri
441 667 527 734 atque
547 655 585 715 ita
602 655 734 716 arborem
754 656 907 734 provenire
923 656 1049 733 Trogum
1064 655 1178 722 oredi’r>
1198 734 1201 737 Δ

173 741 397 806 disse'demiror.
428 741 566 819 quaedam
582 748 676 813 antem
696 739 823 817 pluribus
844 739 998 815 generibus
1013 746 1155 814 seruntur,

174 829 311 908 quaedam
327 825 465 886 omnibus.
1259 901 1260 908 ἵ

132 922 166 978 59
239 913 320 990 (10.)
344 909 387 968 Ac
403 908 542 986 pleraque
558 924 596 965 ex
609 904 654 965 luis
670 915 769 966 natura
782 909 845 984 ipsa
860 906 957 966 docuit
972 915 1001 965 et
1014 908 1043 965 iu
1058 906 1157 982 primis

174 1013 271 1056 semen
286 1009 400 1065 serere,
426 1007 488 1050 cum
509 989 645 1049 decidens
663 1000 872 1068 exceptumque
890 999 967 1050 terra
981 989 1155 1048 vivesceret.

175 1079 226 1140 sed
241 1075 378 1164 quaedam
392 1091 449 1132 noa
464 1073 548 1132 aliter
564 1075 748 1150 proveniunt,
763 1083 793 1133 ut
808 1082 977 1148 castaneae,
994 1071 1191 1148 iuglandeS,1o

174 1160 289 1222 caeduis
315 1159 459 1218 dumtaxat
479 1157 630 1234 exeeptis,
646 1174 661 1214 e
678 1158 785 1218 semiue
801 1166 895 1217 autem
916 1173 1084 1235 quamquem
1100 1155 1157 1215 dis·

175 1243 257 1303 simili
279 1259 312 1300 ea
338 1258 453 1319 quoque
470 1257 544 1319 quae
566 1247 595 1297 et
615 1238 679 1298 aliis
699 1240 790 1299 modis
810 1248 958 1313 seruntur,
981 1248 1011 1298 ut
1032 1239 1107 1297 vites
1129 1247 1160 1298 et
1259 1287 1260 1302 i

173 1324 246 1387 mala
270 1332 356 1401 atque
378 1326 449 1402 pira.
482 1339 602 1402 namque
618 1321 662 1381 his
683 1339 736 1400 pro
759 1324 866 1382 semine
890 1323 1025 1398 nucleus,
1050 1337 1107 1381 non
1128 1331 1159 1380 ut
1259 1315 1260 1344 ³

175 1425 262 1486 supra
276 1408 358 1467 dictis
376 1407 485 1468 iunctus
500 1407 574 1484 ipse.
606 1413 635 1464 et
654 1407 777 1484 mespila
799 1407 906 1467 semiue
926 1407 1005 1466 nasci
1026 1415 1156 1484 possunt.

175 1493 267 1552 omnia
282 1491 356 1551 haec
378 1491 612 1568 tardaproueutu
635 1505 669 1548 ac
690 1489 896 1566 degenerantia
917 1499 946 1550 et
965 1489 1193 1549 insito'resti·1s

173 1575 288 1650 tuenda,
302 1573 441 1634 interdum
459 1575 542 1634 etiarn
559 1581 720 1642 castaneae.

73 1653 89 1668 ³
133 1654 166 1726 60
237 1659 319 1736 (11.)
343 1653 518 1730 Quibusdam
532 1665 631 1716 natura
647 1664 747 1716 contra
763 1657 876 1717 omnino
891 1673 947 1717 non
963 1655 1160 1732 degenerandi

163 1759 291 1859 ¹quoquo
306 1742 547 1882 modolserlqntur,
566 1748 597 1884 qt
610 1740 767 1838 cupressis,
783 1740 896 1818 palmis,
910 1741 1022 1883 purge..
1035 1757 1158 1816 namque

135 1826 577 1983 ‘rruidtiltttitl
590 1833 879 1968 uitii-‘iulii
892 1839 1196 1966 timiditati,

176 2007 274 2050 mense
288 1986 418 2048 Ianuario
433 1989 573 2066 aquilonis
588 1989 692 2050 adllatu
704 1992 829 2050 siccatae
845 1990 978 2067 leguntur
991 1989 1157 2068 expandun-

177 2083 278 2151 turque
296 2089 395 2149 rarae,
416 2072 607 2132 recalefiant
626 2091 744 2132 acervo.
780 2082 881 2151 postea
903 2075 1015 2151 quidam
1037 2074 1102 2132 limo
1121 2071 1159 2134 ad

135 2165 270 2221 oleatum
286 2165 472 2234 praeparatas
488 2157 567 2215 urina
581 2157 780 2216 madefaciunt.
811 2157 858 2216 alii
880 2159 907 2215 in
929 2157 1014 2234 qualo
1033 2155 1159 2234 pedibus

177 2242 204 2298 in
212 2239 372 2318 profluente
385 2239 546 2314 deculcaut,
555 2239 647 2299 donec
660 2240 806 2299 auferatur
817 2242 898 2298 cutis.
928 2240 1035 2316 alioqui
1048 2239 1158 2314 uligine

176 2324 293 2382 infestat
304 2339 359 2381 nec
373 2325 479 2402 patitur
492 2324 581 2381 nasci.
613 2325 642 2380 in
662 2322 743 2382 sulco
762 2325 938 2402 repastinato
959 2323 1045 2400 palmi
1062 2323 1196 2388 altitu-25

177 2405 241 2465 dine
256 2405 376 2464 vicenae
391 2405 454 2464 lere
469 2406 621 2463 acervatim
635 2423 733 2464 mense
749 2405 861 2478 liertio,
874 2407 992 2466 eaedem
1008 2415 1036 2465 et
1051 2421 1158 2484 propa·

136 2489 243 2564 sagire
259 2497 399 2563 seruntur,
413 2487 589 2565 triumphalis
604 2489 681 2548 talea
696 2498 810 2548 tantum.
841 2489 924 2563 lllyrti
940 2501 1049 2564 genera
1063 2487 1175 2549 omnia

178 2574 205 2628 in
221 2567 373 2646 Campania
387 2569 467 2630 bacis
483 2579 629 2646 seruntur,
653 2569 761 2631 Romae
780 2573 948 2651 propagine.
977 2572 1161 2633 'larentinam

138 2701 141 2706 .
177 2651 357 2712 Democritus
373 2662 402 2712 et
425 2653 481 2713 alio
501 2653 586 2712 modo
607 2655 665 2712 seri
681 2655 783 2732 docet,
804 2657 998 2732 grandissimis
1021 2655 1158 2715 bacarum

177 2735 266 2795 tunsis
283 2735 400 2812 leuiter,
415 2754 451 2795 ne
467 2755 555 2812 grana
570 2738 748 2814 frangantur,
764 2755 856 2816 eaque
870 2739 963 2798 intrita
979 2748 1086 2799 restem
1099 2740 1156 2798 cir·
1166 2759 1197 2800 eo

170 2819 292 2880 ‚cumlini
305 2828 389 2896 atque
400 2820 438 2879 ita
450 2821 516 2878 seri.
539 2821 677 2898 parietem
692 2822 755 2881 iore
764 2819 795 2858 **
806 2821 966 2898 densitatis,
981 2841 1018 2882 ex
1030 2837 1087 2900 quo
1098 2823 1158 2881 rir-

88 2909 90 2918 “
178 2902 262 2978 gulae
278 2901 451 2975 differantur.
485 2903 535 2962 Sic
556 2913 586 2962 et
606 2906 703 2982 spinas
721 2904 817 2981 saepis
834 2921 922 2964 causa
938 2914 1036 2964 serunt
1050 2906 1158 2965 tomice

178 2987 264 3045 moris
278 2985 420 3062 spinarum
433 2985 596 3046 circumlita.
625 2988 700 3064 pilas
711 2996 803 3045 autem
815 2987 911 3047 laurus
921 2997 952 3047 et
963 2990 1045 3062 myrti
1059 2990 1158 3066 inopia

136 3077 194 3132 oda
210 3070 318 3128 trimatu
334 3069 533 3145 tempestivum
554 3078 599 3134 est
618 3070 783 3130 transferre.
816 3069 941 3130 Interea
957 3089 1030 3148 quae
1047 3073 1157 3131 semine

178 3160 309 3210 semntur
323 3150 408 3227 llago
422 3152 450 3209 ia
460 3150 579 3210 nucibus
591 3169 733 3230 operosus
748 3161 800 3212 est
822 3153 997 3230 amygdalam
1012 3157 1040 3214 in
1052 3155 1157 3230 argilla
1165 3179 1196 3220 as

177 3233 256 3292 molli
271 3234 416 3293 meridiem
431 3243 579 3311 ¹spectante
592 3237 650 3294 seri
663 3235 750 3294 iubet.
779 3236 905 3312 gaudere
921 3246 950 3296 et
965 3237 1034 3298 dura
1048 3238 1156 3298 calida·

150 3331 151 3338 ¹
178 3333 233 3392 qne
248 3325 334 3391 terra,
351 3317 379 3374 in
393 3317 490 3394 pingui
505 3325 552 3377 aaut
567 3319 659 3379 umida
672 3319 744 3378 mori
766 3327 813 3378 aut
829 3319 1024 3379 sterilescere.
1054 3337 1155 3380 seren·

124 3391 128 3408 '
177 3399 228 3458 das
244 3416 328 3476 quarn
342 3417 471 3463 maxume
484 3400 602 3462 falcatae
624 3409 653 3460 et
676 3420 692 3462 e
712 3401 826 3462 novella
847 3402 970 3482 limoque
991 3403 1080 3464 diluto
1094 3420 1156 3466 ma·
