2552 3866
185 223 245 287 194
506 230 536 278 o.
552 229 648 280 eorm
664 229 812 280 saeuum
864 263 867 268 .

183 391 213 450 in
232 389 299 450 vino
316 386 382 450 albo
404 395 519 466 potum,
543 386 611 445 item
633 383 855 463 opisthotonicis
878 393 908 444 et
928 385 1086 446 iocinemm
1104 386 1181 446 vitiis

183 484 213 535 et
234 471 403 533 torminibus
426 479 456 530 et
482 468 661 546 stranguriae
687 468 805 529 duarum
832 476 880 528 aut
906 471 996 530 trium*
1012 469 1180 546 lingularum

141 565 325 624 armentum.
357 564 422 616 sunt
444 564 473 616 et
490 553 560 616 lolia
577 551 673 628 utilia,
694 560 726 611 ut
740 570 814 631 quae
832 561 930 631 partus
945 553 1080 614 adiuvent
1096 555 1180 616 ctiam

184 639 400 722 quadripedum.
431 638 488 699 hoc
501 653 642 697 maxume
655 636 737 714 pasci
753 636 885 697 dicuntur
900 655 1010 698 cervae
1023 638 1178 716 pariturae.

183 726 336 786 inlinuntur
348 733 377 784 et
392 723 456 802 igni.
467 737 569 795 sacro,
585 717 761 796 multumque
772 720 921 797 insommo
935 721 1002 782 cibo
1014 722 1202 784 concoctio-s

184 809 266 869 nibus
288 807 417 882 confert,
445 806 492 866 vel
514 803 586 866 folio
606 802 656 862 nel
679 803 796 862 semine.
834 803 1041 883 quadripedum
1064 822 1179 884 quoque

184 893 280 954 alvom
305 887 379 952 sistit
399 891 461 950 sire
483 889 578 949 tritum
604 887 685 964 potui
706 885 829 947 inlusum
850 889 913 948 sive
931 887 1097 950 mandendo
1112 906 1179 950 con·

183 977 380 1038 manducatum
395 993 412 1033 c
428 973 500 1034 sala.
515 970 617 1032 boum
630 969 738 1033 morbis
755 970 792 1033 sil
805 971 900 1032 tritum
916 972 1081 1034 infunditur.

142 1070 177 1126 aa
250 1060 335 1138 (19.)
360 1054 439 1118 lurda
461 1070 578 1134 quoque
599 1073 615 1116 a
634 1055 743 1122 ieiunis
760 1056 985 1121 conmanducata
1000 1058 1094 1118 dentis
1112 1075 1179 1118 con·

183 1146 285 1205 lirmat.
312 1142 353 1215 si,
372 1142 403 1198 ut
425 1147 504 1199 eruta
522 1148 582 1217 est,
598 1149 704 1201 terram
719 1156 777 1200 noo
792 1141 927 1218 attingat,
944 1141 1057 1203 condita
1081 1143 1181 1202 tussim
1190 1160 1214 1201 ro

185 1223 332 1298 emendat,
348 1221 454 1282 radicis
468 1241 541 1284 vero
557 1224 700 1285 decoctae
716 1215 802 1284 s‘ucus
814 1226 925 1286 taenias
937 1227 1036 1305 pellit,
1054 1224 1181 1286 siccatae

185 1317 277 1370 antero
298 1304 444 1366 inumbra
470 1307 561 1366 farina
589 1309 661 1366 tussi
683 1315 713 1366 et
733 1307 880 1368 convolsis
898 1316 927 1367 et
942 1308 1136 1368 inflationibus
1152 1317 1183 1368 et

184 1389 296 1453 arteriis
316 1390 456 1450 medetur.
484 1397 691 1448 venenatorum
711 1403 825 1450 morsus
846 1388 944 1466 abigit.
969 1389 1044 1471 ,folia
1060 1407 1099 1449 ex
1113 1393 1183 1452 vino

184 1473 344 1535 lumborum
359 1472 455 1532 dolori
471 1472 634 1535 inlinuntur.
857 1543 862 1548 Ι

142 1570 176 1625 39
246 1555 328 1640 (20.)
353 1555 454 1635 Copae
476 1555 626 1616 silvestres
640 1572 698 1615 non
712 1564 785 1617 sunt.
817 1557 927 1616 sativae
945 1555 1053 1616 olfactu
1068 1557 1133 1634 ipso
1152 1566 1218 1621 etro

185 1643 421 1704 delacrimatione
437 1640 553 1717 caligini
567 1635 728 1716 medentur,
744 1640 836 1717 magis
846 1656 918 1702 vero
932 1642 994 1700 suci
1005 1641 1182 1702 inunctione.

185 1721 314 1788 somnum
329 1726 417 1786 etiam
427 1722 526 1786 iacere
541 1724 690 1786 traduntur
702 1733 732 1784 et
746 1724 847 1784 ulcera
862 1725 921 1784 oris
933 1740 1035 1784 sanare
1047 1741 1182 1784 conman-

81 1857 83 1862 ·
186 1813 307 1873 dueatae
330 1827 394 1870 cum
415 1826 505 1888 pane,
528 1816 558 1868 et
578 1809 657 1868 canis
671 1824 783 1869 morsus
806 1807 915 1868 virides
930 1825 968 1867 err
982 1817 1067 1872 aceto
1083 1806 1183 1870 inlitae
1259 1885 1260 1890 ἵ

183 1893 234 1957 'aut
252 1896 348 1954 siccae
364 1910 426 1952 cum
441 1891 529 1952 melle
549 1899 578 1952 et
593 1892 679 1969 vino,
702 1893 744 1952 ita
761 1900 792 1954 ut
811 1900 879 1970 post
898 1890 974 1955 diem
992 1892 1107 1954 tertium
1122 1891 1182 1952 sol·
1258 1891 1260 1966 ἶ

185 1987 296 2036 vantur.
326 1977 370 2036 sic
390 1983 419 2036 ct
440 1975 535 2036 attrita
551 1983 662 2037 sanant.
693 1983 807 2036 coctam
822 1978 851 2036 in
870 1976 970 2042 cinere
986 1984 1016 2039 et
1030 1975 1182 2054 epiphoris
1191 1993 1218 2034 ao
1258 1969 1259 2034 l

185 2059 265 2120 molti
288 2060 444 2138 inposuere
467 2076 530 2120 cnm
547 2058 639 2121 farina
657 2059 821 2120 hordeacea
842 2068 872 2120 et
891 2059 1058 2137 genitalium
1075 2059 1182 2120 uleeri-
1257 2069 1258 2146 q

140 2142 251 2208 mbos.
282 2159 356 2204 suco
371 2151 400 2203 et
415 2142 567 2204 cicatrices
583 2142 733 2203 oculorum
748 2151 777 2204 et
793 2141 943 2220 albugines
960 2151 990 2203 et
1007 2159 1125 2221 argema
1139 2145 1182 2202 in·
1256 2187 1257 2257 q

185 2245 312 2304 unxere,
335 2236 365 2288 et
387 2227 563 2307 serpentium
584 2243 697 2288 morsus
718 2235 747 2286 et
771 2227 864 2288 omnia
882 2227 982 2288 ulcera
1000 2227 1182 2303 oum-melle,

186 2315 255 2374 item
276 2311 465 2372 auricularum
487 2328 551 2372 cnm
572 2309 648 2372 lacte
666 2310 831 2386 mulierum,
852 2319 884 2372 et
897 2312 925 2370 in
938 2310 1041 2372 iisdem
1057 2310 1182 2372 sonitum
1255 2297 1256 2372 l

186 2407 234 2456 aot
248 2392 618 2472 gravitatcmemendantes
633 2407 697 2452 cum
713 2393 797 2474 adipe
812 2395 946 2455 anserino
958 2402 1006 2454 aut
1018 2412 1082 2454 com
1090 2395 1217 2456 melleas
1254 2413 1255 2484 q

55 2527 57 2534 ,
92 2533 96 2542 ,
187 2478 344 2540 stillavere.
388 2485 574 2554 eternaque
597 2475 751 2540 bibendum
775 2476 1184 2556 dedererepeuteobmute·

144 2559 346 2627 trecensibus.
380 2560 409 2618 in
428 2558 531 2619 dolore
555 2575 671 2638 quoque
690 2560 726 2621 ad
746 2561 840 2624 denda
861 2559 1039 2622 conluendos
1060 2562 1185 2624 instilla·
1253 2525 1254 2598 ¹

114 2652 121 2667 ·
185 2661 256 2704 vere
273 2651 301 2703 at
318 2642 412 2721 plagis
429 2641 585 2724 bestiarum
600 2644 733 2721 omnium,
750 2645 878 2725 privatim
894 2645 1089 2724 scorpionum.
1118 2645 1186 2706 alo·
1252 2637 1253 2710 l

146 2749 148 2754 ·
185 2729 284 2809 pecias
307 2725 434 2788 fricuere
455 2735 486 2810 et
506 2743 612 2811 psoras
633 2727 724 2788 tunsis
750 2730 841 2807 cepis.
875 2737 975 2790 coctas
996 2721 1185 2804 dysintericis
1251 2747 1252 2824 q

185 2810 347 2872 vescendas
367 2810 476 2872 dedere
496 2820 526 2872 et
550 2820 650 2874 contra
664 2811 823 2873 lumborum
838 2811 975 2887 dolones,
992 2823 1219 2891 purgamentum

187 2913 302 2975 quoque
328 2913 426 2958 carum
445 2903 571 2956 cremata
590 2896 620 2954 in
641 2895 768 2958 cinerem
782 2895 934 2956 inlinentes
956 2913 994 2956 ex
1015 2904 1100 2960 aceto
1117 2913 1184 2958 ser-

143 2980 315 3058 ttpentium
334 2979 494 3056 morsibus,
515 2981 653 3058 ipsasque
675 2977 851 3057 multipedae
873 2997 911 3040 ex
931 2987 1025 3040 aceto.
1054 2977 1186 3058 Reliqua

185 3065 261 3124 inter
279 3063 408 3124 medicos
428 3063 498 3124 mira
523 3060 685 3124 diversitas.
718 3063 850 3141 proxumi
864 3063 941 3138 utilis
957 3076 1025 3124 esso
1062 3079 1184 3124 raecor-

186 3147 240 3208 diis
262 3155 292 3206 at
314 3146 513 3221 concoctioni,
531 3145 763 3226 inflationemque
782 3145 902 3208 etsitim
919 3079 1183 3208 intenebratum.

186 3229 370 3308 Asclepiadis
394 3229 496 3290 schola
516 3229 551 3290 ad
573 3231 701 3292 colorem
722 3246 839 3310 quoque
853 3229 976 3292 validum
995 3230 1099 3310 proiici
1120 3230 1222 3294 bocas

185 3311 253 3372 cibo
270 3322 316 3389 et,
336 3313 361 3372 si
376 3313 462 3374 ieiuni
478 3313 584 3374 cotidie
600 3315 702 3390 edant,
721 3314 879 3374 firmitatem
892 3314 1065 3390 raletpdinis
1080 3323 1184 3375 custo-

143 3395 260 3473 tadiri,
280 3397 433 3458 stomacho
452 3397 529 3458 utilis
549 3415 634 3474 asse,
650 3399 768 3476 spiritns
782 3397 938 3475 agitatione
959 3405 1088 3458 ventrem
1103 3399 1184 3460 mol·

187 3479 256 3554 lire,
271 3478 507 3544 haemorrhoidas
520 3481 633 3561 pellere
648 3480 777 3545 subditas
792 3497 846 3561 pro
860 3480 980 3558 balanis,
995 3499 1095 3547 sucuro
1112 3499 1185 3544 cum
