2552 3866
365 169 447 216 nau.
459 167 550 216 ιιιιι.
565 168 678 214 ιιιιιιι.
694 167 720 218 5.
741 153 890 238 (ao-to.)
1068 160 1124 218 171

17 363 18 370 ι
127 325 156 384 in
171 323 310 402 pollinem
324 323 450 383 tunditur
464 322 543 383 arida
558 322 725 400 liquidoque
740 322 818 382 dulci
832 331 1018 401 temperatur,
1035 301 1063 382 'et
1077 323 1127 384 de·

127 417 213 468 cocta
235 425 326 485 posca
347 415 396 467 aut
415 406 567 466 adservata
589 407 639 467 vel
659 415 804 467 macerata
819 407 949 484 pluribus
966 407 1074 486 modis,
1099 417 1128 468 ιι

126 500 196 550 tunc
215 493 303 550 mixta
324 491 439 552 defruto
460 500 508 550 aut
527 489 647 550 subacta
667 491 755 551 melle
776 491 876 550 uvisve
894 489 990 569 passis
1005 499 1052 550 aut
1067 492 1127 568 pin·
1164 501 1168 509 '

126 573 234 652 guibus
255 576 392 649 caryotis.
421 575 479 634 alio
499 593 600 634 rursus
616 574 702 634 modo
724 576 856 634 cotoneis
871 573 954 634 malis
968 573 1017 633 vel
1032 575 1169 642 sorbisoa

102 667 177 718 saut
191 659 303 736 prunis,
317 659 469 738 aliquando
485 660 588 737 pipere
603 665 652 717 aut
665 657 763 734 thymo
776 659 886 718 uariata
901 657 1033 718 delectus
1045 676 1127 734 prae-

127 743 214 820 cipue
237 743 376 803 stomachi
397 743 517 818 excitat,
546 742 695 802 inlustrata
715 761 846 802 maxume
867 742 957 802 luliae
978 740 1128 818 Augustae

128 825 274 886 cotidiano
291 826 365 886 cibo.
390 843 601 906 supervacuum
617 827 679 886 eius
694 844 808 903 semen,
832 827 965 904 quoniam
983 825 1077 885 oculis
1092 844 1129 890 ex

17 917 18 960 ἐ
126 909 226 970 radice
249 911 355 971 excisis
377 921 407 972 ιι
427 910 557 972 harundo
578 911 699 986 seritur,
721 911 839 971 ethaeo
854 918 994 971 autemet
1011 909 1085 969 siser
1101 919 1129 970 et

128 993 277 1071 pastinaca
297 1003 421 1074 utroque
439 1004 590 1072 tempore,
611 1012 681 1054 vere
700 1003 728 1056 et
744 995 1028 1071 autumno,·magnis
1043 994 1128 1054 semi·

91 1091 116 1131 ιι
125 1095 191 1136 num
206 1079 378 1155 intervallis,
396 1079 473 1139 inula
487 1095 524 1138 ue
538 1079 630 1138 minus
640 1096 730 1160 quam
744 1088 891 1138 ternorum
903 1078 1018 1156 pedum,
1037 1093 1127 1154 quon·

123 1161 180 1220 iam
197 1163 329 1239 spatiose
344 1163 470 1222 fruticat.
496 1163 573 1222 siser
588 1171 683 1222 autem
696 1163 855 1224 transferre
871 1162 983 1222 melius.

182 1241 265 1326 (30.)
287 1245 429 1307 Proxuma
449 1245 516 1306 lrinc
535 1255 581 1306 est
603 1243 756 1306 bulborum
776 1256 892 1322 natura,
918 1263 991 1324 quos
1007 1243 1080 1304 Cato
1097 1246 1125 1305 in
1136 1255 1170 1310 93

124 1330 224 1407 primis
240 1331 383 1390 serendos
398 1330 551 1410 praecepit
566 1329 721 1390 celebrans
735 1330 912 1408 Megaricos.
932 1348 1032 1390 verum
1045 1328 1126 1388 uobi-

17 1459 19 1492 ,
124 1413 234 1474 lissima
250 1423 296 1474 est
310 1415 410 1490 scilla,
436 1428 607 1492 quamquam
621 1415 801 1476 medicamini
817 1424 883 1476 nata
899 1413 1125 1490 exacuendoque

17 1495 19 1552 l
90 1505 221 1557 anaceto.
251 1513 307 1558 nec
322 1498 371 1559 ulli
388 1499 545 1577 amplitudo
561 1499 666 1572 maior,
682 1501 760 1558 sicut
771 1517 827 1558 nec
841 1501 885 1558 vis
903 1499 1044 1577 asperior.
1069 1497 1126 1556 duo

17 1645 18 1654 χ
125 1598 238 1656 genera
252 1581 397 1657 medicae,
414 1581 570 1641 masculum
586 1580 662 1640 albis
675 1581 763 1660 loliis,
779 1583 884 1642 femina
901 1583 1001 1658 nigris.
1023 1589 1052 1638 et
1069 1589 1126 1639 ter·

124 1665 195 1722 tium
214 1681 307 1739 genus
331 1673 376 1723 est
398 1664 470 1723 cibis
485 1674 612 1740 ςιιιιιιι,
635 1663 805 1742 Epimenidu
819 1674 955 1740 vocatur,
979 1664 1126 1740 angustius

124 1747 198 1806 folio
215 1763 250 1805 ac
265 1748 356 1806 minus
370 1764 488 1825 aspero.
526 1747 648 1807 Seminis
663 1749 822 1826 plurumum
837 1749 976 1808 omnibus.
1000 1746 1125 1806 celerius
1135 1755 1169 1810 94

125 1841 222 1890 tamen
243 1833 417 1909 proveniunt
434 1839 516 1890 satae
537 1831 633 1892 bulbis
653 1833 732 1910 circa
750 1832 841 1894 latera
856 1833 946 1907 uatis,
973 1841 1002 1892 et
1016 1839 1046 1889 ut
1063 1847 1125 1890 cre·

91 1924 227 1990 noscant,
249 1914 320 1973 lolia
335 1924 488 1996 quaesunt
504 1914 548 1974 his
564 1915 657 1992 ampla
674 1916 789 1977 delleta
805 1918 882 1977 circa
897 1915 1065 1976 obruuntur.
1086 1915 1125 1972 ita

126 2017 228 2060 sucum
249 2015 362 2058 omnem
383 2000 411 2057 in
428 2017 461 2058 se
476 1999 591 2058 trahunt
602 1999 708 2078 bapita.
734 2011 838 2078 sponte
855 2009 1009 2062 nascuntur
1025 2000 1124 2078 copio-

126 2085 242 2143 sissime
272 2083 301 2142 in
328 2081 488 2142 Baliaribus
509 2081 668 2159 Ebusoque
695 2084 795 2142 insulis
824 2103 858 2144 ac
886 2103 940 2162 per
962 2083 1123 2161 Hispanias.

125 2184 212 2227 unum
226 2166 300 2226 da‘'
281 2185 315 2225 us
330 2166 466 2226 volumen
480 2165 607 2226 condidit
621 2166 799 2243 Pythagoras
814 2168 1020 2245 philosophus,
1043 2167 1124 2226 colli·

127 2268 200 2328 gens
215 2250 344 2311 medicas
359 2251 439 2324 viris,
455 2268 527 2327 quas
543 2267 683 2327 proxumo
698 2251 851 2312 reddemus
863 2251 948 2311 libro.
975 2249 1052 2308 Reli·
1065 2249 1093 2290 ²⁰
1080 2247 1166 2334 ¹⁰²95

92 2351 118 2392 ιι
128 2343 193 2412 qua
197 2352 307 2412 genera
321 2333 473 2393 bulborum
484 2333 618 2394 differunt
630 2327 960 2411 colore,magnitudi1ie,
974 2299 1125 2407 su'avitate,

129 2420 238 2498 quippe
251 2437 315 2478 cum
326 2417 439 2496 quidam
452 2417 532 2476 crudi
538 2419 713 2494 mandantur,
725 2419 791 2478 utin
799 2417 984 2478 Cherroneso
993 2417 1123 2476 Taurica

128 2510 197 2579 post
218 2503 301 2562 ιιι
293 2519 321 2561 ιι
336 2501 436 2562 Africa
454 2503 511 2562 nati
531 2519 662 2562 maxume
677 2501 842 2578 laudantur,
864 2520 932 2562 mox
948 2501 1044 2581 Apuli.
1073 2518 1124 2576 ge·

129 2601 200 2644 nera
214 2585 317 2645 Graeci
334 2586 407 2646 baec
421 2584 537 2644 fecere:
554 2581 700 2661 bolbinen,
712 2588 857 2685 setanion,
873 2587 1011 2667 opitiona,
1031 2585 1151 2659 opica,

130 2669 268 2748 aegilipa,
281 2665 501 2743 sisyrincbidn.
493 2686 521 2726 m
533 2668 590 2728 boc
600 2671 698 2728 mirum
710 2671 781 2730 imas
792 2673 853 2730 eius
865 2673 980 2732 radices
988 2685 1125 2730 crescere

17 2809 18 2818 ,
96 2750 237 2829 ιιιίιιιι,
252 2769 343 2811 verno
358 2762 463 2828 autem,
479 2770 543 2810 cunr
557 2752 722 2830 adparuerit
735 2754 822 2828 viola,
838 2755 923 2815 minui
938 2773 972 2814 ao
984 2751 1123 2826 contrabi,

130 2842 199 2895 tunc
219 2834 330 2895 deiude
340 2835 456 2896 bulbum
479 2837 683 2914 pinguescere.
714 2845 759 2896 est
779 2837 853 2897 inter
875 2855 984 2914 genera
999 2847 1029 2896 et
1045 2797 1123 2912 quoti
1133 2843 1166 2898 96

131 2917 160 2976 in
171 2918 309 2998 Aegypto
325 2935 395 2978 aron
407 2928 521 2996 vocant,
537 2919 639 2980 scillae
652 2932 820 2998 proxumum
833 2921 1029 2998 amplitudine,
1046 2918 1124 2980 loliis

132 2999 254 3080 lapathi,
270 3002 354 3064 caule
368 3012 450 3062 recto
465 3004 549 3064 duum
564 3002 738 3080 cubitorum,
753 3003 849 3065 baculi
860 3003 1123 3077 crassitudine,ra·

132 3083 196 3144 dice
223 3087 363 3146 mollioris
384 3094 519 3163 naturae,
546 3105 619 3165 quae
636 3091 725 3146 estur
745 3096 775 3146 et
801 3089 898 3147 cruda.
943 3085 1165 3151 Eliadiunturttl

98 3181 123 3222 ιι
132 3164 212 3227 bulbi
222 3179 287 3230 aute
299 3189 362 3245 rer,
379 3179 426 3228 aut
437 3169 599 3230 deteriores
610 3170 689 3230 illico
702 3171 823 3231 liunt-
781 3174 944 3248 -signum
955 3171 1123 3230 maturitatis

132 3249 227 3312 lolia
218 3255 410 3313 inarescentia
423 3252 484 3313 ab
475 3272 530 3313 imo
542 3287 594 3330 —-,
609 3256 784 3314 vetustiores
798 3254 961 3332 inprobant,
977 3255 1045 3314 item
1059 3253 1120 3312 lon·

133 3351 187 3409 gos
210 3353 245 3396 ac
264 3354 386 3415 parvos,
407 3345 509 3397 contra
528 3299 692 3398 rubicundis
716 3338 987 3415 rotundioribusque
1008 3338 1071 3396 laus
1095 3346 1124 3398 et

134 3420 339 3492 grandissimis.
354 3421 511 3482 amaritudo
522 3421 671 3500 plerisque
683 3421 711 3480 in
722 3422 833 3481 vertice
845 3430 900 3499 est,
918 3420 1011 3482 media
1024 3437 1123 3481 eorum
