2552 3866
286 217 365 264 unu.
382 217 472 264 nisu.
488 215 588 264 xvnt.
605 214 725 268 as--ta
743 206 894 284 (ea-es.)
1029 210 1085 270 141

89 371 263 430 mentionem
280 387 333 430 suo
349 370 418 430 loco
435 369 566 430 fecimus.
596 371 660 448 lpse
679 371 805 431 circulus
829 373 919 433 lentur
933 394 986 453 per
1007 378 1130 454 sagit-rra
1195 405 1198 416 ,

91 455 192 513 tarium
216 463 303 532 atque
326 456 473 531 geminos,
493 454 565 514 solis
589 463 689 513 centro
707 453 752 513 bis
777 458 1017 535 aequinoctialem
1032 462 1086 519 cir·

89 536 184 597 culum
201 555 305 597 secans
321 539 525 598 commissuras
543 554 642 597 eorum
657 539 805 614 optinente
819 539 886 600 binc
900 543 995 621 aquila
1010 543 1088 604 illinc

90 622 231 681 canicula.
243 679 249 688 ,
262 621 329 681 ideo
346 621 468 682 allectus
490 623 639 699 utriusque
655 621 691 680 ad
707 624 798 681 omnis
816 623 972 701 frugiferas
986 629 1130 704 perti-282

66 714 157 764 errent
172 715 275 781 terras,
295 705 426 783 quoniam
441 707 470 764 in
484 705 528 765 bis
546 713 653 764 tantum
668 703 742 764 locis
759 705 830 766 solis
845 717 1000 788 terraeque
1018 729 1084 770 cen·

88 799 133 849 tra
155 798 324 864 congruunt.
355 789 441 865 igitur
464 788 565 848 borum
587 787 712 847 siderum
732 789 834 850 diebus
854 792 879 850 si
900 811 988 872 purus
1004 803 1089 873 atque

87 874 164 932 mitis
178 889 229 932 aer
239 873 391 950 genitalem
407 872 487 931 illum
505 872 693 949 lacteumque
708 889 807 933 sucum
818 877 973 937 transmisit
987 879 1015 937 iu
1033 887 1089 937 ter-

89 975 148 1031 ras,
171 957 247 1016 laeta
262 956 431 1019 adulescunt
457 965 528 1016 sata.
561 957 586 1014 si
612 955 678 1014 luna
701 973 757 1035 qua
778 957 883 1018 dictum
911 970 956 1020 est
976 963 1088 1022 ratione
1098 980 1132 1014 ru

90 1041 235 1101 roscidum
253 1039 352 1117 -lrigus
377 1040 538 1117 adspersit,
562 1039 687 1098 admixta
714 1041 871 1101 amaritudo
901 1046 981 1104 utin
1013 1046 1089 1106 laete

53 1143 79 1184 ro
89 1125 275 1204 puerperium
289 1132 384 1184 necat.
414 1123 517 1183 modus
532 1123 560 1181 iu
581 1123 666 1182 terris
684 1124 766 1185 huius
787 1126 905 1187 iniuriae
922 1145 1005 1206 quem
1027 1130 1132 1193 fe-aaa

89 1209 129 1268 cit
143 1209 171 1266 in
186 1225 367 1286 quaoumque
385 1208 570 1268 convexitate
589 1209 741 1290 comitatus
759 1211 906 1290 utriusque
922 1229 1038 1286 causae,
1060 1222 1089 1272 et

88 1291 154 1351 ideo
170 1308 227 1351 non
242 1293 352 1369 pariter
372 1291 401 1350 in
420 1300 481 1351 toto
498 1289 570 1350 orbe
585 1293 721 1367 sentitur,
744 1302 774 1353 ut
790 1311 845 1352 nec
863 1295 936 1355 dies.
966 1298 1089 1375 aquilam

88 1375 208 1435 diximus
230 1376 259 1434 in
280 1374 363 1436 ltalia
384 1375 493 1434 exoriri
513 1393 540 1434 a.
562 1375 599 1434 d.'
617 1389 692 1435 xttt.
712 1376 771 1438 kal.
787 1377 949 1455 lanuarias,
980 1396 1034 1441 nec
1053 1400 1129 1443 rana
1172 1404 1181 1412 ·

90 1461 195 1538 patitur
211 1461 285 1520 ratio
303 1469 421 1520 naturae
445 1458 598 1538 quicquam
618 1460 647 1517 iu
670 1461 740 1520 satis
759 1471 825 1522 ante
847 1479 911 1522 eum
931 1463 1006 1524 diem
1024 1465 1088 1544 spei
1211 1461 1214 1469 ⁴

54 1558 80 1599 re
90 1561 157 1603 esse
184 1552 293 1604 certae.
328 1545 448 1603 sivero
475 1542 657 1602 interlunium
683 1543 805 1620 incidat,
835 1549 926 1606 omnis
951 1548 1087 1608 hibernos

88 1628 199 1688 fructus
212 1636 241 1686 et
255 1629 410 1705 praecocia
426 1627 502 1686 laedi
515 1643 639 1686 necesse
654 1636 709 1686 est.
735 1629 774 1706 [3]
788 1627 878 1688 Rudis
890 1629 942 1690 fuit
957 1633 1067 1709 prisco·
1079 1643 1130 1696 284

89 1729 152 1772 rum
175 1711 233 1769 vita
259 1719 344 1787 atque
370 1701 433 1768 sine
456 1709 569 1770 litteris.
600 1727 659 1769 non
680 1711 772 1769 minus
793 1720 887 1771 tamen
909 1714 1086 1790 ingeniosam

88 1795 181 1855 luisse
199 1795 227 1852 iu
242 1793 299 1852 illis
315 1792 547 1852 observationem
562 1793 714 1872 adparebit
732 1811 816 1873 quarn
831 1813 905 1854 nuno
920 1815 987 1857 esse
1002 1800 1086 1857 ratio·

88 1895 165 1937 uem.
208 1879 262 1937 tria
288 1884 566 1955 namquetempora
592 1877 731 1938 fructibus
759 1879 939 1957 metuebant,
967 1891 1088 1960 propter

54 1983 82 2024 ao
92 1961 169 2040 quod
184 1963 365 2021 instituerunt
382 1961 470 2020 lenias
487 1960 608 2038 diesque
623 1961 734 2038 lestos,
757 1962 925 2040 Robigalia,
948 1964 1085 2042 Floralia,

89 2045 212 2106 Vinalia.
244 2044 396 2122 Robigalia
409 2043 498 2104 Numa
509 2046 656 2104 ‘coustituit
672 2062 745 2104 anno
760 2049 843 2125 regui
858 2050 902 2108 sui
916 2063 974 2126 xo,
995 2060 1127 2129 quaetse

90 2146 165 2189 nunc
180 2139 302 2207 aguntur
320 2147 345 2188 a.
363 2129 389 2188 d.
406 2140 465 2186 vt1.
482 2127 540 2187 lral.
556 2126 623 2188 Mai.
655 2131 787 2207 quoniam
803 2140 870 2190 tuno
885 2131 947 2191 lere
966 2144 1084 2210 segetes

90 2212 195 2290 robigo
210 2222 342 2292 occupat.
368 2211 424 2270 hoc
436 2221 548 2290 tempus
560 2211 653 2272 Varro
670 2213 839 2273 determinat
855 2215 919 2274 sole
934 2219 1006 2275 tauri
1022 2235 1085 2294 par·

92 2307 150 2357 tem
165 2297 313 2358 decumam
336 2297 501 2374 optinente,
521 2297 594 2355 sicut
616 2305 683 2356 tuno
704 2296 818 2357 ferebat
833 2299 915 2357 ratio.
951 2298 1003 2357 sed
1017 2317 1087 2358 vera

54 2401 83 2444 ae
93 2398 180 2441 causa
198 2391 242 2442 est
257 2381 335 2462 quod
348 2388 416 2459 post
431 2379 492 2438 dies
504 2380 679 2458 undeviginti
691 2379 727 2441 ab
740 2382 922 2458 aequinoctio
933 2399 1023 2442 verno
1034 2399 1086 2460 per

90 2466 120 2525 id
136 2466 314 2542 quatriduum
331 2465 412 2544 varia
428 2464 553 2540 gentium
572 2463 776 2524 observatione
800 2465 827 2523 in
844 2477 907 2524 1111.
925 2465 982 2525 kal.
997 2464 1087 2526 Maias

91 2551 172 2610 canis
191 2549 312 2624 occidit,
340 2549 418 2608 sidus
434 2557 464 2607 et
478 2565 532 2626 per
547 2565 580 2608 se
594 2548 752 2608 vehemens
769 2558 798 2608 et
815 2551 859 2608 oui
877 2540 1086 2628 praeoccidere

92 2632 252 2692 caniculam
267 2650 391 2692 necesse
408 2632 453 2691 sit.
486 2633 583 2709 itaque
598 2633 684 2692 iidem
700 2631 827 2692 Floralia
848 2646 912 2693 1111.
928 2633 1066 2694 lralendas
1078 2641 1128 2696 286

92 2715 209 2776 easdem
227 2717 407 2777 instituerunt
421 2713 500 2773 urbis
515 2731 588 2772 anno
604 2727 750 2774 va1.ex
765 2716 889 2775 oraculis
904 2715 1043 2792 Sibyllae,
1058 2725 1087 2775 ut
1109 2723 1115 2746 ⁸

57 2802 190 2866 momnia
216 2800 291 2859 bene
321 2799 559 2859 dellorescerent.
602 2796 677 2858 buna
703 2796 777 2856 diem
797 2799 890 2858 Varro
918 2801 1087 2861 determinat

92 2884 158 2944 sole
173 2885 246 2944 tauri
263 2892 372 2961 partem
386 2894 475 2946 xtnt.
491 2881 648 2959 optinente.
666 2897 737 2957 ergo
752 2882 775 2939 si
792 2883 819 2940 in
836 2883 892 2942 hoo
908 2883 1085 2961 quatriduum

92 2967 224 3027 inciderit
238 2959 439 3046 plenilunidm,
465 2965 565 3042 lruges
585 2972 615 3023 et
636 2967 728 3024 omnia
748 2982 821 3043 quae
845 2967 987 3027 florebunt
1011 2964 1087 3024 laedi

92 3069 218 3110 necesse
235 3051 298 3110 erit.
321 3049 433 3108 Vinalia
450 3051 557 3126 priora,
578 3065 651 3126 quae
672 3057 736 3108 ante
752 3049 805 3108 hos
820 3050 882 3110 dies
899 3060 962 3109 aunt
977 3061 1063 3110 v1111.
1076 3058 1126 3114 ast

92 3133 152 3195 kal.
169 3132 235 3194 lllai.
259 3133 445 3211 degustandis
460 3134 533 3193 vinis
549 3134 684 3206 instituta,
699 3133 768 3192 nilnil
782 3132 817 3192 ad
832 3133 942 3194 fructus
958 3135 1085 3206 attinent,
1185 3131 1187 3138 “

57 3229 148 3279 ³⁵nec
165 3235 239 3297 quae
264 3217 356 3277 adhuc
373 3217 493 3276 diximus
513 3216 548 3276 ad
565 3216 629 3274 vitis
653 3216 809 3294 oleasque,
839 3219 970 3296 quoniam
990 3234 1087 3277 earum

94 3311 254 3381 conceptus
276 3309 379 3360 exortu
402 3299 586 3377 vergiliarum
608 3301 707 3377 incipit
727 3301 797 3360 a.-d.
815 3313 858 3360 v1.
876 3301 939 3361 idus
953 3299 1030 3377 blai,
1056 3309 1086 3359 ut

92 3387 250 3447 docuimus.
284 3383 359 3444 aliud
373 3383 429 3443 boo
444 3384 619 3463 quatriduum
635 3393 694 3459 est,
720 3384 798 3461 quod
820 3401 913 3462 neque
932 3403 999 3445 rore
1020 3401 1123 3445 sor-m

92 3469 152 3530 bile
169 3470 265 3547 velim,
284 3501 327 3512 --
348 3469 440 3528 exurit
461 3467 534 3528 enim
559 3467 692 3545 frigidum
713 3468 791 3528 aidus
816 3470 921 3528 arcturi
948 3469 1086 3550 postridie
