2538 3864
361 161 878 298 nau.n1sr.xxrr.ne.(oa-67)
1065 211 1122 272 291

121 375 215 438 duna
206 392 235 435 m
254 371 344 434 herba
366 381 420 434 est.
452 373 510 435 hoc
527 373 653 454 amplius
676 373 767 442 oculis
788 375 936 472 inponitur
952 373 1105 437 decocta
1096 397 1124 438 ιιι

30 457 36 464 ’
113 459 199 521 uino.
238 456 387 528 stomacho
409 457 542 518 inutilis
534 477 562 518 ιι
584 457 656 517 cibis
678 467 707 519 et
729 459 839 519 animae
853 459 1024 535 gravitatem
1043 445 1122 521 facit.

122 543 285 604 stellionum
305 540 449 602 morsibus
470 542 594 618 resistit,
618 543 686 602 item
713 541 858 602 ulceribus
882 558 957 619 quae
979 544 1123 604 cacoethe

121 635 243 702 vocant,
266 634 294 684 et
307 619 423 700 ¹auribus
438 625 534 685 oleum
549 624 627 704 quod
642 643 680 685 ex
694 643 729 685 ea
743 625 774 685 lit
788 625 931 703 prodesse
951 625 1081 686 diximus.
1095 646 1130 689 ιι,
1142 649 1164 682 ιι

98 709 307 771 rSesamoides
336 726 352 768 a
378 708 560 770 similitudine
589 726 694 770 nomen
722 710 853 790 accepit,
880 725 970 786 grano
996 721 1165 787 amaro,133
1198 728 1202 733 ’

120 792 196 854 folio
212 793 331 854 minore.
362 793 489 852 nascitur
501 794 537 852 ¹in
560 793 713 870 glareosis.
749 793 873 854 detrahit
895 791 981 852 bilem
1001 795 1030 852 in
1048 811 1122 872 aqua

120 886 227 956 potum.
258 893 358 942 semen
372 876 497 936 inlinitur
510 877 569 954 igni
581 894 683 953 sacro,
699 877 813 957 discutit
828 893 929 957 panos.
959 875 1013 938 Est
1024 878 1121 938 etiam-

119 979 184 1021 num
205 959 283 1021 aliud
302 959 481 1020 sesamoides
503 959 660 1036 Anticyra'e
682 979 822 1036 nascens,
850 958 927 1039 quod
946 961 1013 1020 ideo
1036 961 1122 1040 aliqui

119 1043 309 1119 Anticyricon
336 1053 459 1121 vocant,
493 1053 592 1104 cetera
622 1044 715 1104 simile
741 1045 898 1122 erigeronti
926 1042 1053 1118 herbae,
1085 1044 1122 1104 de

86 1143 111 1184 ro
121 1145 178 1206 qua
192 1128 320 1188 dicemus
335 1143 389 1186 suo
399 1127 487 1204 loco,
504 1144 596 1204 greum
611 1144 751 1189 sesamae.
780 1127 861 1188 datur
876 1128 905 1187 in
920 1128 986 1187 vino
1001 1127 1115 1190 dulciss,
1129 1149 1163 1184 ιιι

120 1212 156 1270 ad
171 1212 365 1272 detractiones
383 1220 517 1289 quantum
533 1210 624 1270 tribus
643 1211 740 1288 digitis
757 1212 876 1290 capitur.
903 1212 1025 1272 miscent
1037 1210 1077 1271 ibi
1092 1219 1121 1273 et

120 1293 244 1355 ellebori
260 1293 319 1353 albi
333 1311 419 1353 unum
434 1303 463 1354 et
476 1294 619 1354 dimidium
632 1293 764 1370 obolum,
779 1297 978 1373 purgationem
993 1312 1056 1354 eam
1071 1294 1119 1356 ad-

117 1378 250 1439 hibentes
272 1394 404 1438 maxume
424 1378 553 1438 insaniae
574 1377 817 1455 melancholicas,
840 1377 1044 1476 comitialibus,
1065 1395 1117 1457 po·

118 1462 223 1538 dagris
256 1469 287 1520 et
302 1478 356 1538 per
372 1479 406 1522 se
422 1460 574 1522 drachmae
592 1461 727 1539 pondere
737 1462 872 1534 exinanit

84 1568 110 1608 us
182 1543 266 1640 (65.)
288 1543 432 1604 Hordeum
445 1554 590 1621 optumum
602 1544 679 1622 quod
693 1544 930 1604 candidissimum.
952 1563 1038 1604 sucus
1052 1545 1161 1610 de-134

120 1626 221 1686 cocti
213 1643 241 1683 ιιι
255 1642 331 1700 aqua
346 1626 465 1685 caelesti
479 1625 640 1701 digeritur
631 1644 660 1684 ιιι
674 1627 822 1703 pastillos,
844 1635 875 1686 ut
889 1627 1051 1693 infundatur
1068 1646 1118 1687 ex·

119 1709 256 1768 ulceratis
273 1707 438 1767 interaneis·
448 1716 477 1767 et
493 1706 597 1768 volvis.
629 1709 700 1768 cinis
718 1711 780 1768 eius
796 1709 933 1770 ambustis
948 1711 1074 1770 inlinitur
1089 1719 1119 1770 et

120 1791 253 1852 carnibus
275 1807 349 1867 uuae
372 1789 511 1850 recedunt
530 1790 566 1850 ab
584 1791 698 1851 ossibus
718 1801 747 1855 et
769 1792 965 1870 eruptionibus
988 1795 1116 1871 pituitae,

73 1901 76 1906 ·
118 1876 206 1936 muris
227 1875 324 1934 aranei
344 1873 495 1934 morsibus.
523 1874 598 1934 idem
619 1875 760 1954 adsperso
777 1875 838 1935 sale
858 1895 892 1936 ac
907 1877 995 1937 melle
1010 1877 1115 1937 cando-

84 1983 110 2024 ιο
120 1977 182 2020 rena
196 1956 334 2020 dentibus,
345 1966 374 2015 et
388 1959 557 2018 suavitatem
573 1958 632 2018 oris
646 1959 725 2020 facit.
754 1977 807 2020 eos
823 1961 871 2038 qui
886 1958 1158 2038 pnnehordea·135

107 2059 173 2103 lceo
197 2049 312 2100 utuntur
331 2039 432 2100 morbo
453 2040 558 2119 pedum
578 2041 711 2120 temptari
733 2051 848 2120 negant.
892 2060 996 2103 novem
1018 2046 1115 2122 granis

118 2124 298 2186 furunculum
318 2124 342 2182 si
364 2125 427 2203 quis
451 2124 661 2201 circumducat,
682 2125 802 2203 singulis
820 2136 866 2186 ter
885 2145 968 2194 mauu
989 2127 1114 2204 sinistra,

119 2218 149 2269 et
163 2209 257 2268 omnia
267 2209 296 2267 in
306 2209 404 2285 ignem
409 2206 533 2283 abiciat,
548 2207 700 2267 confestim
712 2210 805 2270 sanari
817 2211 903 2270 aiunt.
928 2218 973 2269 est
985 2218 1015 2268 et
1024 2211 1116 2272 herba

118 2293 261 2371 phoenice
281 2290 428 2370 appellata
443 2289 577 2366 Graecis,
602 2292 708 2364 nostris
724 2309 794 2352 vero
808 2293 947 2354 hordeum
967 2295 1113 2354 murinum.

52 2415 57 2424 ·
84 2376 193 2440 achaeo
208 2377 273 2436 trita
295 2376 393 2434 evino
409 2382 478 2451 pota
493 2373 645 2451 praeclare
662 2375 719 2434 ciet
733 2393 859 2436 menses.

178 2459 262 2537 (66.)
286 2457 408 2518 Tisanae
423 2474 497 2535 quae
519 2476 557 2517 ex
576 2457 687 2517 hordeo
709 2457 858 2519 iit-laudes
877 2478 933 2520 uno
949 2460 1155 2525 volumine136

120 2540 247 2601 condidit
260 2541 471 2639 Hippocrates,
493 2558 566 2619 quae
588 2559 662 2601 nunc
679 2558 778 2602 omnes
796 2544 823 2602 in
839 2542 940 2604 alicam
955 2551 1112 2604 transeunt

120 2633 225 2704 quanto
236 2625 413 2685 innocentior
425 2623 510 2683 alica!
536 2623 728 2703 Hippocrates
739 2627 1010 2688 tamensorbitionis
1021 2627 1113 2706 gratia

119 2707 260 2782 laudavit,
278 2709 421 2785 qnoniam
419 2705 535 2766 lubrica
550 2725 588 2766 ox
601 2707 679 2768 facili
693 2708 869 2785 hauriretur,
890 2713 1022 2808 quoniam
1039 2712 1113 2769 sitim

83 2799 252 2868 coerceret,
275 2791 406 2868 quoniam
426 2791 455 2848 in
477 2789 543 2850 alvo
558 2806 616 2849 non
633 2791 852 2867 intumesceret,
874 2796 1006 2872 quoniam
1025 2794 1113 2854 facile

118 2874 290 2940 redderetur
311 2882 340 2933 et
355 2873 481 2933 adsuetis
494 2873 542 2934 hic
563 2873 643 2933 cibus
658 2873 767 2934 solus
758 2894 787 2935 ιιι
801 2874 935 2936 febribus
949 2877 996 2937 die
1011 2886 1113 2955 posset

119 2958 196 3034 dari,
220 2966 326 3017 tantum
343 2965 469 3017 remotus
485 2956 520 3016 ab
540 2957 601 3016 istis
622 2975 669 3035 qur
662 2957 851 3019 medicinam
867 2960 942 3020 fame
962 2969 1111 3040 exercent.

119 3040 318 3101 sorbitionem
324 3050 419 3100 tamen
441 3039 501 3100 dari
520 3047 607 3101 totam
624 3043 714 3101 vetuit
731 3042 845 3110 aliudve
862 3060 946 3120 quam
964 3060 1064 3104 sucum
1078 3046 1111 3103 ti·

120 3142 225 3200 sanae,
246 3125 314 3184 item
336 3120 467 3203 quamdiu
482 3122 574 3201 pedes
589 3123 686 3221 frigidi
701 3134 817 3202 essent,
838 3136 905 3187 tunc
924 3127 1038 3207 quidem
1057 3145 1111 3188 uec

83 3227 110 3270 aa
119 3209 265 3287 potionem
277 3208 406 3269 dandam.
431 3204 476 3265 ec
488 3216 518 3266 et
528 3226 566 3267 ex
579 3206 672 3266 tritico
682 3171 853 3310 glutinosior
867 3213 1048 3290 arteriaeque
1063 3229 1112 3270 ex-

118 3291 265 3352 ulceratae
279 3283 413 3350 utilior.

117 3407 120 3414 ·
181 3373 266 3454 (67.)
289 3373 413 3449 Amylou
434 3372 551 3434 hebetat
572 3375 690 3452 oculos,
714 3385 743 3435 et
763 3376 850 3452 gulae
870 3377 969 3436 inutile
992 3386 1091 3439 contra
1102 3386 1153 3441 13⁷

119 3476 203 3536 quarn
217 3459 352 3519 creditur.
370 3457 551 3516 itemalvom
566 3459 640 3519 sistit
646 3458 828 3537 e,piphoras
841 3459 990 3521 oculorum
1004 3461 1114 3526 inhibet
1256 3481 1257 3484 ¹

894 3543 957 3604 19*
