2552 3866
281 211 361 259 nar.
378 210 469 258 nuso.
486 211 599 257 xvuu.
615 166 868 278 s-a.(1o-ssne.)
1030 165 1085 265 161
1106 238 1110 259 .

149 365 234 446 (11.)
256 365 293 426 Et
309 367 443 443 quoniam
457 383 473 426 a
488 364 634 426 miraculis
646 383 741 425 rerum
757 367 917 444 coepimus,
933 387 1087 448 sequemur
1095 382 1131 437 33

84 467 186 510 eornm
203 450 387 525 ordinem,·in
405 449 506 527 quibus
521 448 570 507 vel
587 466 746 508 maxumum
760 457 809 508 est
823 450 929 528 aliquid
949 456 1029 513 nasei
1052 449 1088 516 ac

81 535 186 594 vivere
200 536 261 594 sine
275 533 334 593 nlla
348 532 455 592 radice.
489 531 602 592 Tubera
619 541 776 610 vocantur,
788 525 921 613 undiqde
941 544 1019 598 terra
1035 541 1088 598 eir·

83 617 233 694 cumdem,
260 617 346 677 nullis
366 616 445 677 labris
468 618 534 676 nixa
566 625 612 676 aut
642 616 743 677 saltem
772 617 996 696 capillamentis,
1033 639 1088 681 nec

60 703 184 779 entique
197 701 385 761 extuberante
397 698 466 761 loco
479 702 508 759 in
520 719 575 779 quo
593 701 749 776 gignuntur
766 710 813 760 aut
829 703 914 762 rimas
934 705 1085 763 sentiente.

81 803 182 863 neque
197 787 261 863 ipsa
283 793 378 844 terrae
402 783 577 859 cohaerent,
601 786 711 844 cortice
732 785 826 845 etiam·
839 785 1035 862 includuntur,
1059 797 1088 846 ut

81 870 172 948 plane
188 887 243 928 nec
261 878 366 928 terram
382 885 448 928 esse
468 869 611 947 possimus
628 867 726 927 dicere
740 887 795 929 nec
811 870 886 930 aliud
897 888 980 949 qnam
992 881 1088 931 terrae
1139 901 1143 907 -
1170 881 1177 897 ⁸

81 952 201 1013 callum.
232 953 323 1012 Siccis
348 951 420 1011 haec
448 951 511 1010 iere
540 961 568 1010 et
595 951 739 1012 sabulosis
767 952 840 1012 locis
864 954 1129 1033 frutectosisqneot

79 1045 248 1098 nascuntur.
281 1035 424 1096 excedunt
439 1053 530 1114 saepe
548 1035 770 1112 magnitudinem
784 1037 986 1114 malieotonei,
1003 1040 1086 1098 etiam
1124 1067 1128 1074 ·

44 1139 69 1180 ro
79 1120 179 1181 librali
199 1120 339 1197 pondere.
371 1119 427 1178 duo
447 1136 546 1179 eornm
561 1137 686 1196 genera,
701 1120 841 1180 harenosa
852 1121 983 1194 dentibus
996 1122 1100 1202 inimi·x

79 1223 114 1266 ce
134 1204 274 1264 etaltera
296 1205 419 1263 sincera.
457 1199 649 1280 distinguntur
670 1213 698 1263 et
718 1205 837 1282 colore,
859 1205 923 1265 rulo
942 1207 1084 1283 nigroque

76 1298 107 1348 et
119 1290 200 1348 intus
214 1287 347 1363 candido,
361 1286 552 1347 laudatissima
564 1287 692 1349 Africae.
712 1287 852 1350 Grescant
864 1307 936 1348 anne
948 1290 1044 1346 vitium
1056 1288 1093 1350 id

75 1383 178 1432 terrae
193 1406 237 1416 —
247 1389 342 1449 neque
355 1373 429 1431 enim
441 1371 516 1430 aliud
527 1371 658 1448 intellegi
670 1381 817 1450 potest-
831 1378 865 1432 ea
876 1372 1082 1452 protinusglo·
1181 1395 1186 1403 ·
1225 1382 1234 1396 ·

74 1457 164 1517 betur
174 1455 372 1532 magnitudine
382 1473 436 1533 qua
447 1455 569 1515 futurum
582 1465 637 1531 est,
646 1465 674 1514 et
686 1459 781 1516 vivant
793 1475 828 1516 an
838 1455 985 1530 nomhaut
997 1455 1083 1516 iacile

40 1558 64 1598 1⁵
74 1541 212 1601 arbitror
226 1538 358 1615 intellegi
374 1557 473 1618 posse.
501 1538 686 1617 putrescendi
703 1537 777 1600 enim
789 1541 860 1600 ratio
872 1541 1026 1598 communis
1039 1550 1083 1599 est

72 1627 109 1686 iis
129 1641 198 1683 cum
219 1622 309 1698 ligno.
344 1621 438 1682 hartio
453 1622 562 1683 licinio
579 1625 725 1700 praetorio
742 1623 805 1682 viro
824 1623 884 1678 iura
905 1621 1042 1681 reddenti
1055 1625 1122 1686 in35
1188 1649 1190 1654 ·

71 1708 224 1787 Hispania
242 1703 417 1781 Carthagine
438 1708 538 1781 paucis
557 1706 601 1766 his
617 1707 698 1766 annis
719 1707 821 1765 seimus
841 1702 985 1762 accidisse
1007 1723 1080 1765 mor·

72 1793 156 1854 denti
191 1788 281 1850 tuber
310 1796 340 1846 ut
369 1786 566 1866 deprehensns
598 1791 672 1849 intus
703 1787 833 1849 denarius
858 1787 965 1865 primos
989 1786 1081 1849 dentis

70 1877 258 1949 inflecteret,
276 1889 332 1950 quo
348 1871 527 1932 manifestum
542 1875 596 1933 erit
611 1883 706 1934 terrae
721 1875 845 1932 naturam
862 1871 890 1929 in
906 1889 938 1930 se
956 1871 1080 1948 globari.

36 1960 155 2040 acquod
184 1965 300 2019 certum
319 1964 382 2031 est,
400 1975 437 2015 ex
454 1955 498 2015 his
517 1965 599 2017 erunt
617 1975 692 2036 quae
710 1963 862 2015 nascantur
887 1962 916 2014 et
942 1956 1003 2014 seri
1025 1975 1084 2042 non
1171 1979 1176 1996 ¹

93 2045 205 2106 assint
318 2055 320 2061 “
820 2069 825 2078 «
1063 2077 1066 2082 ·

70 2066 90 2126 p
137 2129 169 2190 3.
196 2123 287 2206 (12.)
311 2123 411 2183 Simile
426 2132 470 2182 est
486 2131 515 2182 et
535 2122 611 2200 quod
631 2124 656 2182 in
678 2118 836 2194 Cyrenaica
859 2123 1007 2199 provincia
1026 2137 1122 2192 roos

71 2222 143 2274 cant
158 2214 252 2284 misy,
266 2209 453 2287 praecipuum
468 2209 606 2266 suavitate
616 2203 710 2262 odoris
725 2221 760 2262 ac
772 2205 895 2281 saporis,
914 2204 966 2264 sed
980 2225 1079 2267 carno·

72 2300 148 2374 sius,
167 2305 200 2356 et
219 2292 297 2371 quod
311 2294 339 2350 in
358 2290 481 2350 Threcia
498 2291 557 2350 iton
573 2299 601 2348 et
617 2287 693 2364 qnod
706 2287 734 2346 in
750 2286 871 2347 Graecia
888 2291 1035 2364 geranion.

34 2398 61 2440 25
114 2367 124 2386 ⁹
141 2369 234 2458 (13.)
256 2376 301 2434 De
314 2375 461 2436 tuberibus
474 2372 547 2434 haec
560 2370 704 2431 traduntur
722 2371 920 2449 peculiariter:
942 2390 1005 2433 enm
1017 2373 1120 2439 ine-37

70 2470 133 2526 rint
149 2461 264 2521 imbres
278 2459 455 2526 autumnales
470 2475 505 2516 ac
518 2457 638 2514 tonitrua
654 2454 770 2530 crebra,
789 2463 856 2514 tunc
879 2458 959 2515 nasci
980 2466 1009 2516 et
1022 2474 1078 2517 ma·

69 2565 167 2611 xnme
186 2563 204 2604 e
221 2543 389 2618 tonitribus,
405 2559 459 2602 nec
473 2541 544 2600 ultra
562 2555 662 2598 annum
679 2537 803 2613 durare,¹
819 2541 970 2600 tenerrima
987 2551 1080 2600 autem

68 2648 173 2693 verno
198 2644 278 2686 esse.
309 2625 472 2705 quibusdam
493 2621 565 2680 locis
587 2631 706 2699 accepta
726 2623 817 2698 riguis
839 2622 983 2700 feruntur,
1005 2625 1079 2684 sicut

68 2711 235 2792 Mytilenis
249 2719 355 2786 negant
369 2710 447 2771 nasci
461 2705 514 2764 nisi
530 2704 720 2764 exundatione
740 2707 881 2764 iluminum
902 2708 1017 2767 invecto
1034 2727 1078 2768 se·

28 2803 153 2862 somine
172 2795 213 2855 ab
230 2793 330 2853 Tiaris.
358 2802 402 2856 est
420 2794 512 2851 autem
533 2786 558 2844 is
576 2785 659 2846 locus
680 2789 708 2846 in
730 2806 786 2865 quo
808 2787 935 2866 pluruma
957 2809 1077 2850 naseun-

67 2897 129 2948 tur.
150 2935 153 2944 ,
168 2879 266 2940 Asiae
281 2875 452 2935 nobilissima
473 2872 549 2930 cirea
563 2869 748 2949 Lampsacum
764 2878 792 2929 et
811 2869 1075 2951 Alopeconnesum,

67 2967 229 3032 Graeciae
247 2977 317 3020 vero
333 2961 407 3019 eirca
423 2955 505 3014 illim.

137 3044 235 3128 (14.)
256 3045 332 3104 Sunt
341 3050 369 3100 et
383 3040 411 3097 in
426 3039 576 3114 fungorum
590 3054 699 3114 genere
717 3038 836 3099 Graecis
855 3039 921 3099 dicti
945 3039 1074 3118 penicae,
1085 3048 1120 3104 38

68 3137 122 3217 qui
140 3133 212 3193 sine
230 3128 327 3188 radice
342 3131 388 3194 aut
404 3121 537 3200 pediculo
551 3131 713 3182 nascuntur.
972 3128 975 3139 ‘

27 3243 55 3284 35
142 3210 241 3296 (15.)
264 3209 308 3269 nb
324 3209 554 3284 hisvproxnmum
576 3205 685 3264 dicetur
705 3207 873 3266 auctoritate
893 3206 1080 3268 clarissimum

66 3297 282 3379 laserpicium,
298 3291 374 3370 qnod
389 3289 492 3350 Graeci
510 3289 635 3366 silphion
650 3299 769 3365 vocant,
787 3291 815 3349 in
833 3288 991 3363 Cyrenaica
1012 3308 1076 3369 pro·

64 3387 172 3449 vincia
190 3385 350 3455 repertum,
366 3376 557 3433 cuius'sucum
572 3372 650 3432 laser
663 3383 776 3449 vocant,
790 3371 968 3450 magnificum
983 3375 1011 3432 in
1026 3393 1077 3434 usu

63 3461 359 3538 medicamentisque
374 3467 402 3516 et
414 3455 449 3522 ad
461 3454 572 3533 pondus
583 3457 712 3533 argentei
724 3456 821 3517 denari
833 3475 996 3535 repensum.
1008 3458 1076 3518 mul·
1084 3465 1118 3521 ³9

111 3571 192 3613 anan.
210 3565 276 3603 nar.
292 3564 360 3607 rusr.
376 3546 420 3600 ill.
880 3542 915 3601 11
