2534 3866
345 228 425 276 unu.
439 227 530 278 nisu.
546 229 632 277 xuru.
649 227 693 280 so.
717 217 851 297 (9-14.)
1042 221 1082 282 57

92 392 206 446 ceratas
226 399 281 460 per
300 381 423 442 triduum
442 391 490 442 unt
509 382 603 460 pridie
623 399 708 459 quum
724 377 856 444 serantur
880 403 955 464 aqua
978 387 1081 450 nubo.

17 507 19 552 p
88 483 227 528 mucrone
241 465 340 542 deligi,
357 466 450 524 aciem
465 465 565 526 lateris
584 467 611 525 in
625 466 789 544 aquilonem
806 477 953 544 spectare.
984 481 1081 533 ternas
1137 468 1141 474 ’

17 555 18 598 t
87 551 170 612 simul
195 549 335 609 serendas
361 549 503 625 triangula
525 548 638 608 ratione
663 549 758 626 palmo
782 551 857 610 inter
884 569 917 610 se
942 552 1079 615 distantis.

16 617 20 716 l
88 637 170 696 danis
191 633 295 693 diebus
315 632 449 710 adaquari
471 634 565 694 donec
583 633 786 710 grandescant.
816 632 974 710 Ioglandes
989 647 1124 701 nucusdt

16 719 18 732 '
69 723 245 798 tpbrrectue
266 723 399 775 seruntur
422 718 615 777 commissuris
636 717 813 794 iacentibus,
835 719 945 796 pineae
970 720 1082 780 nucleis
1165 719 1167 724 ’

16 829 18 870 ;
89 802 220 880 septenis
239 799 302 860 iere
325 800 353 858 in
373 799 448 878 ollas
462 799 626 878 periuratus
649 800 751 860 additis
771 787 820 861 aul
841 811 870 860 nt
890 802 988 861 lunms
1009 821 1083 881 quae

15 907 17 968 p
88 886 170 946 b‘acis
186 884 300 943 seritur.
333 884 422 942 citrea
439 900 530 959 gratm
547 892 576 942 et
590 885 768 962 propagine,
791 885 881 945 sorba
897 887 1009 946 semine
1023 896 1052 948 et
1066 905 1082 947 a

15 973 17 1040 l
88 969 187 1029 radice
208 967 304 1045 plunta
327 974 357 1026 et
377 967 730 1045 avolsione-proveniunt.
761 969 813 1028 sed
838 968 888 1032 illu
912 970 941 1027 in
968 963 1081 1047 calidis,

89 1053 177 1112 sorba
192 1053 221 1110 iu
236 1049 347 1126 frigidis
363 1059 393 1108 et
407 1051 520 1110 umidis.

59 1145 81 1186 rc
151 1134 236 1214 (12.)
256 1132 363 1193 Natura
384 1143 414 1192 et
434 1133 572 1209 plantaria
591 1133 799 1213 demonstravit
811 1135 961 1196 moturum
976 1137 1123 1202 radici-65

14 1293 16 1296 Ι
89 1221 142 1280 bus
166 1216 324 1296 pullulante
345 1216 447 1276 subole
469 1217 560 1278 densa
579 1227 609 1278 ct
629 1221 759 1297 pariente
777 1228 867 1278 matre
888 1233 960 1298 quas
982 1231 1079 1281 necet.

14 1303 15 1310 ’
89 1306 150 1364 eins
160 1303 267 1380 qnippe
280 1299 380 1360 umbra
392 1299 475 1360 turba
490 1301 630 1378 indigesta
644 1304 790 1380 premitur,
799 1311 830 1361 ut
845 1303 872 1362 in
888 1304 987 1379 lauris,
999 1307 1079 1382 puni·

89 1388 141 1462 cis,
159 1385 296 1470 platanis,
309 1385 429 1460 cerasis,
444 1387 552 1462 primis.
579 1403 736 1463 pancorum
758 1388 787 1445 in
808 1385 865 1446 boc
880 1405 992 1464 genero
1009 1390 1080 1450 remi

89 1477 210 1549 parcunt
229 1467 339 1543 suboli,
360 1477 391 1527 ut
404 1469 543 1529 ulmorum
563 1469 785 1548 palmarumque.
816 1471 902 1531 nullis
914 1489 988 1531 vero
1003 1472 1079 1532 tales
1171 1523 1178 1532 .

60 1564 81 1603 ¹⁵
89 1553 189 1632 pulluli
198 1553 377 1630 proueniunt
389 1553 442 1610 nisi
458 1570 575 1631 quarum
592 1554 706 1613 radices
725 1569 823 1612 umore
839 1554 910 1613 solis
926 1564 1013 1632 atque
1026 1557 1077 1616 im·

89 1639 148 1698 bris
163 1637 192 1694 iu
206 1653 312 1694 summa
327 1635 432 1694 tellure
448 1633 614 1714 spatiantur.
644 1634 742 1696 Omnis
759 1653 793 1694 ea
808 1653 864 1695 non
881 1639 972 1698 statim
988 1640 1076 1699 moris
1085 1649 1120 1704 66

90 1729 136 1781 est
158 1721 186 1778 in
203 1736 254 1779 sna
269 1719 359 1778 locari
381 1719 433 1778 sed
454 1721 532 1797 prius
547 1720 649 1778 nutrici
671 1719 732 1779 dari
756 1727 841 1796 atque
867 1721 896 1777 in
918 1721 1077 1781 seminariis
1173 1719 1191 1738 “

90 1804 264 1865 adulescere
281 1805 440 1878 iterumque
455 1805 591 1879 migrare,
605 1805 652 1881 qui
664 1803 799 1862 transitus
813 1802 912 1861 mirum
927 1805 954 1861 in
964 1803 1079 1864 modum

89 1889 200 1964 mitigat
215 1888 300 1946 etium
315 1885 541 1960 silvestrisque
556 1886 690 1946 arborum
702 1902 817 1965 quoque
832 1893 860 1944 ut
872 1886 1016 1946 bominum
1029 1905 1077 1948 na·

11 2007 12 2026 2
59 1982 153 2032 nutura
168 1971 303 2029 novitatis
318 1987 352 2028 ac
372 1971 612 2046 peregrinationis
626 1971 707 2030 avida
728 1979 789 2045 est,
812 1970 874 2030 sire
893 1971 1078 2034 discedentes

11 2061 13 2134 i
91 2056 169 2114 uirus
183 2053 326 2113 relincunt
340 2062 604 2131 mansuescuntque·
617 2061 739 2113 tractatu
759 2071 813 2113 ceu
830 2052 929 2130 ierac,
952 2055 1016 2115 dnm
1032 2073 1077 2115 ra·
1202 2074 1206 2084 ·

11 2135 12 2188 l
92 2139 148 2200 dici
162 2137 296 2198 avellitur
309 2135 415 2215 planta.
467 2151 470 2158 ’
995 2185 998 2190 .

157 2221 240 2300 (13.)
261 2219 298 2280 tit
312 2219 389 2279 aliud
406 2235 498 2296 genus
517 2218 608 2278 simile
628 2227 727 2279 natura
742 2219 909 2280 monstrauit
923 2219 1073 2296 avolsique
1083 2231 1118 2286 67

92 2304 245 2367 arboribus
260 2304 389 2371 stolones
400 2305 517 2378 vixere,
538 2317 595 2380 quo
615 2303 644 2360 in
657 2319 767 2379 genere
791 2311 820 2360 et
841 2315 1011 2379 cumperna
1026 2319 1077 2362 suu

11 2399 12 2402 ’
59 2389 253 2450 cavebuntur
269 2379 436 2465 partemque
452 2386 573 2464 aliquam
588 2404 605 2446 e
619 2387 715 2447 matris
728 2402 844 2464 qnoque
860 2399 984 2462 corpure
998 2383 1077 2443 uuis·

91 2482 157 2534 runt
171 2483 271 2531 secum
285 2469 424 2530 fimbriato
441 2485 575 2548 corpore.
601 2470 658 2530 boc
668 2471 753 2530 modo
768 2470 930 2548 plantantur
944 2469 1077 2546 punicae,
1101 2502 1103 2510 ι

93 2555 197 2631 coryli,
211 2555 289 2630 mali,
305 2554 393 2630 sorbi,
405 2554 557 2632 mespilae,
580 2552 702 2629 fraxini,
712 2554 758 2612 lici
779 2556 807 2612 in
822 2552 977 2632 primisque
992 2553 1075 2612 uites.
1107 2597 1118 2605 .

92 2649 247 2701 cotoneum
262 2638 300 2697 ita
316 2647 405 2698 autum
419 2638 587 2713 degenerat.
620 2636 666 2696 Ex
681 2636 784 2696 eodem
799 2638 941 2697 inventum
958 2645 1002 2695 cat
1013 2653 1073 2695 sur·
1085 2644 1120 2699 68

11 2725 12 2730 ’
93 2723 178 2785 culos
194 2719 326 2781 abscisos
343 2739 455 2780 serere.
489 2719 547 2789 boc
566 2722 657 2797 primo
679 2722 776 2796 saepis
796 2737 882 2780 causa
897 2720 1013 2795 luctum,
1032 2737 1077 2779 su·
1205 2729 1218 2746 ”

57 2807 187 2880 sobncis,
206 2811 329 2864 cotoneo
343 2813 373 2864 et
385 2804 463 2863 rubis
479 2802 619 2878 depactis,
630 2818 696 2862 mon
712 2811 741 2860 et
756 2803 897 2880 culturae,
909 2811 939 2861 nt
949 2803 1077 2880 populis,

93 2891 185 2964 alnis,
207 2887 306 2963 aulici,
327 2885 466 2966 quaeret
486 2886 602 2944 inverso
619 2884 734 2945 surculo
752 2888 865 2944 seritur.
897 2887 951 2944 iam
969 2884 1024 2943 baa
1038 2884 1096 2942 ibi*

11 2977 13 3056 l
93 2975 283 3051 disponuntur
299 2969 347 3029 ubi
363 2971 451 3030 libeat
467 2985 534 3029 asse
550 2984 611 3042 eas,
627 2966 811 3046 quamobrem
831 2969 962 3028 seminari
982 2983 1078 3025 curam

11 3057 13 3084 ¹
95 3066 161 3116 unte
179 3055 314 3115 convenit
329 3053 385 3112 dici
403 3067 485 3130 quant
500 3059 661 3112 transeatur
675 3052 710 3112 ed
726 3051 781 3111 aliu
797 3062 914 3128 genera.

159 3138 243 3216 (14.)
259 3135 387 3214 Namque
397 3136 431 3195 ad
445 3136 474 3195 id
488 3133 672 3214 praecipuum
685 3135 753 3212 eligi
769 3135 860 3194 solnm
872 3132 972 3209 reiert,
985 3147 1074 3210 quon·
1084 3141 1119 3197 69

59 3226 151 3284 sciam
172 3223 311 3282 nutricem
331 3219 570 3295 indulgentiorem
586 3233 651 3276 esse
668 3235 750 3295 quam
764 3226 881 3277 matrem
900 3233 993 3293 saepe
1010 3231 1077 3277 con·

94 3306 183 3366 uenit.
207 3305 244 3364 sit
257 3319 328 3378 ergo
341 3305 447 3362 siecum
459 3318 659 3379 sucosumque,
671 3301 778 3378 bipalio
790 3297 947 3374 subactum,
960 3299 1077 3359 advenis

93 3387 239 3466 hospitale
259 3395 288 3444 ct
309 3401 392 3462 qnam
410 3385 579 3444 simillimum
601 3394 695 3444 tarrae
716 3386 744 3442 in
766 3400 847 3462 quam
863 3382 1077 3443 transferendae

94 3474 167 3548 sint,
191 3478 257 3530 ante
279 3469 372 3528 omniu
387 3468 557 3546 elapidatum
571 3469 760 3546 munitumque
779 3465 816 3528 ad
835 3467 978 3527 incursum
993 3457 1077 3526 etiuni
