2552 3866
161 147 220 208 172
393 121 397 176 j
500 159 642 207 ceum
658 123 844 266 ιιιοιιιιιιι
902 143 909 156 “

158 269 263 375 dulcia.
306 313 415 380 Bribos
437 330 495 374 non
514 315 594 374 nasci
609 314 663 373 nisi
678 332 694 372 e
710 317 818 374 semine
834 317 949 393 priores
963 294 1151 398 tradiderunt,
1257 387 1258 392 η

159 399 240 459 sed
232 417 259 457 ιιι
274 397 469 457 Praenestinis
488 399 594 477 campis
616 407 724 488 sponte
737 409 906 476 nascuntur,
934 419 968 461 ao
988 403 1049 462 sine
1065 404 1151 464 modo
1257 431 1258 464 ι

110 481 113 488 ’
157 484 243 542 etiam
257 483 285 539 in
301 481 461 542 Remorum
471 483 558 542 arvis

113 576 148 632 98
223 567 252 627 6.
275 567 357 646 (31.)
377 565 540 625 llortensiis
564 567 694 628 omnibus
719 567 783 628 iere
805 567 935 646 singulae
962 571 1091 647 radices,
1121 581 1152 632 ιιι
1257 629 1258 642 ,

155 650 298 729 raphano,
315 650 416 726 betae,
436 653 514 728 apio,
530 651 652 727 malvae,
671 654 953 730 amplissimaautem
971 655 1103 732 lapatho,
1122 664 1174 716 uts
1257 653 1258 698 t

155 752 229 816 quae
245 735 404 794 descendat
420 735 456 793 ad
471 736 525 794 tria
541 734 652 811 cubita,
680 736 806 797 silvestri
822 739 915 796 minor
932 747 961 797 et
974 739 1084 822 umida,
1109 739 1150 798 ei·

154 819 236 878 iossa
252 836 369 897 quoque
384 818 431 878 diu
447 819 526 877 vivit.
549 818 717 896 quibusdam
732 830 827 880 tamen
842 809 1012 899 capillatae,
1029 832 1058 881 ut
1074 823 1150 902 apio,
1257 897 1258 900 Ἴ

154 903 282 978 malvae,
304 901 674 980 quibusdamsurculosae,
696 913 726 963 ut
743 905 853 982 ocimo,
870 905 932 965 aliis
949 922 1105 982 carnosae,
1123 916 1152 966 ιιι

155 987 241 1046 betae
257 995 304 1046 aut
319 988 410 1062 magis
427 987 577 1046 etiamnum
594 1004 683 1046 croco
692 988 821 1066 ,aliquis
840 1007 877 1048 ex
894 991 1003 1049 cortice
1020 998 1049 1048 et
1065 1008 1150 1050 carue
1257 1039 1258 1042 ¹

156 1079 302 1146 constant,
321 1080 351 1129 ut
365 1069 511 1149 raphaca,
527 1072 819 1150 rapis„quorundam
832 1074 1015 1150 geniculatae
1030 1082 1103 1150 sunt,
1120 1083 1150 1132 ut
1162 1090 1188 1130 to
1257 1081 1258 1138 1

112 1164 145 1216 99
155 1155 299 1232 graminis.
346 1153 428 1226 Quae
444 1163 553 1214 rectam
569 1171 626 1214 non
640 1155 746 1215 habent
761 1156 889 1216 radicem
903 1160 996 1217 statim
1014 1158 1153 1237 plurumis
1257 1171 1258 1194 ³

155 1242 278 1300 nituntur
297 1237 523 1317 capillamentis,
547 1248 577 1297 ut
595 1239 720 1316 atriplex
735 1249 764 1298 et
780 1239 887 1298 blitum.
905 1240 994 1300 scilla
1013 1251 1106 1300 autem
1124 1250 1153 1300 et
1257 1245 1258 1265 ¹

156 1323 238 1383 bulbi
252 1332 281 1382 et
297 1341 389 1400 cepae
405 1332 434 1382 et
450 1322 534 1382 alium
549 1323 675 1379 nonnisi
689 1324 717 1379 in
731 1331 843 1379 rectum
857 1320 1027 1381 radicantur.
1047 1333 1152 1399 sponte

154 1407 332 1467 nascentium
349 1406 488 1484 quaedam
505 1405 703 1462 numerosiora
721 1413 785 1462 sunt
799 1403 898 1462 radice
915 1422 998 1481 quam
1014 1404 1101 1480 lolio,
1121 1416 1152 1465 ut

113 1491 293 1568 100spalax,
315 1491 489 1588 perdicium,
508 1505 633 1547 crocum.
677 1485 796 1545 Florent
813 1487 963 1546 confertim
980 1488 1148 1565 serpyllum,
1161 1505 1189 1544 rs

155 1574 359 1650 habrotonum,
378 1575 461 1652 napi,
476 1572 614 1650 raphani,
635 1577 746 1645 menta,
762 1576 843 1645 ruta,
861 1579 890 1629 et
908 1579 1007 1630 cetera
1025 1572 1150 1648 quidem,

156 1678 218 1718 cum
235 1675 380 1736 coepere,
397 1657 603 1732 deflorescunt,
621 1654 742 1713 ocimum
757 1661 851 1714 autem
868 1654 1056 1732 particulatim
1074 1665 1102 1714 et
1115 1655 1151 1716 ab

155 1745 211 1802 imo
233 1744 359 1819 incipit,
370 1758 425 1818 qua
446 1739 483 1798 de
506 1757 592 1798 causa
595 1701 763 1797 diutis'sime
780 1737 875 1798 iloret
902 1739 959 1798 hoc
974 1748 1002 1796 et
1016 1739 1045 1796 in
1059 1739 1150 1798 helio·

156 1828 251 1906 tropio
266 1821 356 1885 herba
371 1824 475 1880 evenit
496 1821 551 1880 ilos
566 1822 628 1880 aliis
644 1820 791 1896 candidus,
808 1821 872 1882 aliis
882 1821 992 1898 luteus,
1009 1822 1072 1882 aliis
1084 1841 1150 1901 pur·

155 1927 273 1988 pureus.
318 1905 400 1964 Folia
418 1905 521 1963 cadunt
539 1921 556 1963 a
572 1905 766 1966 cacuminibus
782 1907 918 1982 origano,
942 1905 1036 1965 inulae
1052 1915 1081 1965 et
1099 1907 1149 1966 ali·
1158 1917 1186 1958 2⁰

157 1991 269 2070 quando
293 1998 374 2047 rutae
400 1989 500 2080 iniuria
522 1987 633 2048 laesae.
662 2006 792 2056 maxume
814 2007 942 2050 concava
963 1999 1027 2050 sunt
1045 2008 1149 2068 cepae,
1203 2000 1208 2010 '

155 2074 275 2151 gethpo.
351 2095 352 2098 ¹

113 2170 163 2221 101
238 2157 320 2237 (32.)
344 2156 439 2217 Alium
462 2174 609 2237 cepasque
632 2159 706 2215 inter
726 2157 826 2216 deos
818 2176 846 2216 ιιι
863 2157 1045 2217 iureiurando
1062 2155 1151 2216 habet

155 2239 319 2320 Aegyptus.
348 2258 438 2319 cepae
453 2257 562 2316 genera
577 2240 653 2319 apud
669 2239 796 2302 Graecos
812 2241 918 2316 Sarda,
940 2240 1148 2316 Samothracia,

155 2324 310 2400 Alsidena,
331 2327 457 2398 setania,
475 2323 599 2399 schista,
617 2322 772 2384 Ascalonia
787 2325 823 2384 ab
839 2324 944 2402 oppido
960 2323 1083 2383 ludaeae
1099 2340 1148 2382 no·
1158 2341 1185 2382 ιι

155 2410 268 2469 minata.
294 2408 423 2466 omnibns
440 2407 524 2464 etiarn
541 2407 614 2466 odor
628 2406 796 2466 lacrimosus
812 2417 840 2467 et
852 2409 1009 2485 praecipue
1023 2405 1148 2485 Cypriis,

155 2493 277 2550 minume
294 2487 410 2550 Cnidiis.
441 2489 570 2548 omnibus
592 2507 698 2567 corpus
718 2499 808 2550 totum
829 2491 1030 2569 pinguitudinis
1053 2507 1149 2550 earum

112 2586 165 2639 102
178 2573 356 2650 cartilagine.
400 2571 424 2631 Ε
441 2574 550 2631 cunctis
566 2574 674 2632 setania
688 2575 819 2650 minuma,
838 2583 962 2652 excepta
976 2573 1148 2648 Tusculana,

156 2654 209 2726 sed
224 2656 325 2716 dulcis.
357 2656 464 2716 schista
481 2665 574 2716 autem
592 2665 621 2717 et
635 2655 792 2717 Ascalonia
807 2658 984 2716 condiuntur.
1012 2657 1148 2717 schistam

156 2739 249 2818 hieme
266 2757 328 2799 cunr
347 2757 427 2800 coma
443 2758 494 2800 sua
508 2741 666 2815 relincunt,
688 2759 758 2800 vere
773 2741 842 2800 iulia
860 2740 1024 2816 detrahunt,
1049 2748 1077 2799 et
1093 2741 1182 2800 aliato

156 2823 365 2890 subnascuntur
379 2825 480 2884 iisdem
496 2824 646 2898 divisuris,
671 2825 744 2883 unde
761 2833 790 2882 et
804 2841 917 2882 nornen.
940 2825 997 2884 hoc
1012 2824 1148 2902 exemplo

155 2907 274 2985 reliquis
296 2925 412 2986 quoque
436 2906 591 2984 generibus
612 2905 723 2966 detrahi
745 2905 856 2981 iubent,
884 2916 914 2966 ut
931 2909 959 2967 in
973 2909 1068 2986 capita
1085 2926 1148 2967 cre-

114 3001 165 3054 103
177 3000 257 3051 scant
275 2992 370 3070 potius
386 3008 468 3068 quam
482 2992 510 3049 in
526 3007 634 3049 semen.
672 2989 889 3051 Ascaloniarum
905 2992 1022 3069 propria
1037 2999 1147 3050 natura.

156 3077 262 3135 etenim
282 3074 362 3134 velut
385 3074 500 3134 steriles
524 3081 589 3132 sunt
611 3072 647 3132 ab
667 3073 779 3148 radice,
805 3084 834 3133 et
856 3073 892 3132 ob
916 3073 945 3132 id
962 3075 1071 3132 semine
1088 3075 1149 3133 seri

156 3157 238 3234 illas,
255 3174 312 3215 non
327 3157 433 3236 deponi
448 3158 561 3216 iussere
577 3156 696 3232 Graeci,
712 3166 866 3234 praeterea
879 3158 974 3216 serius
992 3159 1069 3218 circa
1084 3174 1181 3233 renas

157 3258 219 3300 cum
234 3241 409 3317 germinent,
429 3239 594 3318 transferri,
610 3243 650 3300 ita
665 3257 851 3300 crassescere
868 3249 899 3300 et
913 3249 970 3300 tum
987 3259 1147 3320 properare

155 3324 304 3402 praeteriti
327 3325 465 3402 temporis
491 3325 691 3402 pensitatione.
729 3322 917 3384 festinandum
937 3334 1032 3386 autem
1054 3327 1082 3383 in
1103 3325 1147 3384 his

157 3416 217 3482 est,
243 3407 374 3482 quoniam
394 3417 522 3467 maturae
545 3407 682 3467 celeriter
702 3416 879 3485 putrescunt.
911 3410 935 3468 si
957 3409 1146 3487 deponantur,
1185 3473 1189 3481 ,
