2538 3864
185 183 246 246 218
528 192 557 240 o.
574 161 835 240 rnmr'suounor
942 174 948 194 “

186 358 215 412 et
235 366 351 410 menses
377 348 444 407 ciet.
482 347 655 425 quinimmo
678 347 799 409 linteolo
820 346 955 424 deligatis
970 355 1076 408 tantum
1089 347 1185 424 granis

185 447 259 494 xxx
271 431 415 494 secundas
428 431 503 492 trahi
515 433 643 509 reperio.
669 432 747 492 aiunt
761 441 790 492 et
803 431 913 492 clavis
905 448 934 490 ιιι
945 431 1067 508 pedibus
1078 430 1186 492 mederi

185 519 281 580 tritum
294 518 323 576 in
338 517 436 593 uriha,
460 515 570 575 culices
586 515 682 574 suffitu
699 533 822 592 necare,
838 517 907 576 item
921 531 1119 576 muscas..

145 613 194 667 185
249 601 334 681 (72.)
362 599 400 660 Et
421 617 538 661 anesum
561 595 714 659 adversum
735 601 908 700 scorpiones
930 617 969 658 ex
987 601 1053 659 rino
1068 589 1221 659 habetur

186 685 393 762 Pythagorae'
384 693 460 744 inter
474 701 566 761 pauca
582 681 766 743 laudatum
741 702 804 745 sive
816 681 973 744 crudum
946 699 1011 742 sive
1025 683 1209 781 decoctum,⁵

185 773 254 830 item
275 769 367 828 viride
389 769 536 829 aridumve
554 765 685 826 omnibus
702 785 778 847 quae
801 767 972 828 condiuntur
992 783 1124 844 quaeque
1149 767 1200 826 iu-

186 855 334 930 tinguntur
355 852 565 926 desideratum,
589 850 671 928 panis
694 852 779 912 etiam
800 851 904 910 crustis
922 850 1108 911 inferioribus
1125 849 1188 910 sub·

188 938 284 1000 ditum.
329 937 424 997 saccis
450 951 567 1013 quoque
595 931 720 994 additum
749 952 813 995 cum
845 936 947 995 amaris
975 932 1097 994 nucibus
1126 935 1189 993 vina

145 1032 196 1087 186
209 1020 398 1100 commendat.
437 1019 504 1096 quin
519 1018 612 1096 ipsum
628 1020 687 1080 oris
704 1019 820 1082 halitum
835 1019 1032 1079 iucundiorem
1046 1018 1117 1078 facit
1130 1017 1189 1078 iae·

187 1115 338 1180 toremque
359 1101 434 1160 tollit
457 1101 659 1162 manducatum
677 1105 819 1183 matutinis
835 1121 899 1164 cum
914 1103 1047 1177 zmyrnio.
1061 1109 1090 1162 et
1104 1100 1190 1172 melle
1199 1115 1219 1155 ιι

188 1191 312 1263 exiguo,
339 1202 407 1244 mox
435 1185 502 1244 vino
522 1186 678 1248 conlatum.
723 1189 832 1248 voltum
851 1189 1030 1247 iuueniorem
1051 1192 1189 1264 praestat.

163 1275 167 1282 ’
188 1270 325 1334 insomnia
350 1268 429 1327 levat
453 1287 626 1347 suspensum
650 1272 679 1328 in
708 1271 842 1347 pulvino,
869 1279 899 1330 ut
926 1270 1102 1330 dormientes
1130 1268 1191 1328 ole-

188 1354 305 1414 faciant.
335 1351 531 1428 adpetentiam
556 1351 686 1411 ciborum
711 1361 854 1430 praestat,
880 1351 993 1428 quando
1019 1351 1048 1409 id
1075 1369 1193 1430 quoque

186 1440 262 1496 inter
276 1434 398 1495 artilicia
418 1432 541 1494 deliciae
562 1433 681 1511 fecere,
705 1453 743 1494 ex
764 1451 821 1512 quo
835 1433 918 1494 labor
939 1433 1025 1492 desiit
1041 1432 1124 1492 cibos
1140 1453 1194 1511 po·
1251 1479 1252 1488 ι

169 1529 173 1534 ’
189 1537 284 1580 scere.
309 1518 347 1578 ob
362 1518 415 1578 has
430 1535 533 1578 causes
550 1518 665 1597 quidam
678 1518 821 1578 anicetum
836 1517 864 1577 id
881 1535 1037 1578 vocavere.
1205 1535 1222 1574 ιι
1251 1507 1252 1538 ¹

147 1613 195 1669 187
251 1602 334 1683 (73.)
349 1602 585 1664 laudatissimum
597 1610 643 1662 est
655 1600 815 1676 Creticum,
828 1619 998 1679 proxumum
1005 1599 1193 1680 Aegyptium.

187 1690 246 1750 hoc
260 1689 388 1766 ligustici
409 1688 503 1746 vicem
523 1688 699 1765 praestatio
720 1685 924 1762 condimentis,
946 1685 1066 1745 dolores
1083 1687 1195 1763 ‚eapitis

189 1775 269 1836 levat
291 1773 416 1834 sublitum
432 1768 557 1832 naribus.
594 1771 742 1849 epiphoris
760 1770 911 1831 oculorum
927 1769 1046 1830 Erenor
1065 1769 1194 1830 radicem

176 1860 253 1920 ‚eius
275 1867 385 1918 tunsam
409 1855 534 1933 inponit,
557 1853 645 1914 lolla's
665 1857 758 1932 ipsum
780 1871 843 1913 curn
865 1870 954 1914 croco
976 1852 1146 1930 parimodo
1164 1861 1193 1912 et

189 1945 274 2014 vino,
298 1949 328 1999 et
346 1956 401 2016 per
419 1956 451 1997 se
468 1940 562 1998 tritum
579 1947 642 1998 cuni
655 1939 773 2016 polenta
788 1937 824 1998 ad
837 1953 956 2014 magnas
972 1937 1124 1996 fluctiones
1139 1955 1190 1995 err-
1202 1951 1225 1992 ιι

190 2023 395 2100 trahendisque
409 2023 435 2081 si
447 2039 502 2101 qua
520 2023 549 2081 in
561 2023 663 2082 oculos
678 2021 839 2082 inciderint.
869 2022 980 2080 narium
996 2037 1113 2098 quoque
1129 2038 1193 2080 car-

150 2116 200 2172 188
212 2106 331 2166 cincdes
354 2107 494 2166 consumit
514 2107 622 2166 inlitum
643 2125 681 2166 ex
700 2123 784 2184 aqua.
819 2103 902 2165 sedat
923 2106 1042 2182 anginas
1059 2122 1123 2164 cum
1141 2104 1192 2178 hy·

192 2208 267 2270 sopo
295 2209 330 2252 ao
355 2190 444 2253 melle
471 2209 509 2250 ex
535 2200 620 2250 aceto
644 2191 869 2266 gargarizatum,
898 2189 1014 2248 auribus
1035 2187 1194 2248 infunditur

192 2293 256 2336 cum
281 2291 425 2351 rosaceo,
453 2275 581 2334 thoracis
606 2275 721 2350 pituitas
745 2282 849 2350 purgat
872 2282 992 2348 tostum,
1017 2289 1081 2331 cum
1103 2271 1193 2331 melle

191 2367 333 2438 sumptum
347 2356 459 2418 melius.
484 2373 547 2416 cum
559 2353 710 2417 acetabulo
727 2357 807 2418 anesi
823 2374 913 2416 nuces
929 2373 1040 2416 amaras
1051 2369 1073 2416 n
1085 2373 1225 2433 purga-0
1203 2376 1225 2415 ιι

192 2453 235 2504 ιιι
252 2451 315 2502 tere
336 2442 365 2500 in
386 2441 473 2501 melle
492 2440 527 2499 ad
549 2441 658 2500 tussim.
687 2439 825 2500 facillime
843 2458 916 2500 vero
937 2442 1018 2500 anesi
1036 2438 1196 2500 drachmae

192 2536 267 2596 tres,
283 2525 438 2602 papaveris
455 2522 528 2582 duae
545 2524 700 2584 miscentur
715 2523 803 2584 melle
819 2523 855 2584 ad
870 2522 954 2584 labae
969 2523 1196 2600 magnitudinem

150 2617 202 2672 189
213 2615 242 2667 et
255 2615 355 2666 ternae
366 2605 467 2666 diebus
479 2616 633 2666 sumuntur.
661 2609 847 2686 praecipuum
863 2616 959 2668 autem
974 2606 1067 2674 estad
1081 2615 1195 2666 ructus.

192 2691 259 2751 ideo
275 2689 467 2750 inflationibus
483 2691 623 2751 stomachi
637 2699 667 2750 et
681 2692 878 2753 intestinorum
893 2690 1061 2751 torminibus
1076 2698 1106 2750 et
1123 2707 1196 2750 coe·

193 2774 278 2835 liacis
297 2774 436 2835 medetur.
472 2774 614 2853 singultus
641 2783 670 2835 et
693 2776 829 2836 olfactum
853 2783 1010 2853 potumque
1036 2773 1226 2834 decoctumso

193 2858 312 2920 inhibet
337 2859 417 2918 ioliis
431 2859 562 2920 decoctis
577 2859 683 2935 digerit
701 2860 866 2920 cruditates.
891 2877 978 2920 sucus
996 2859 1111 2918 decocti
1129 2875 1198 2918 cum

193 2943 259 3020 apio
283 2942 406 3002 olfactus
430 2950 623 3002 sternumenta
642 2942 760 3002 inhibet.
795 2949 894 3018 potum
915 2959 1032 3004 somnos
1056 2943 1197 3017 concitat,

194 3027 325 3088 calculos
347 3026 445 3105 pellit,
466 3027 637 3084 vomitiones
661 3026 777 3086 cohibet
798 3033 827 3084 et
848 3019 1085 3103 praecordiorum
1100 3035 1197 3086 tumo-

194 3128 258 3186 res,
287 3119 315 3170 et
335 3119 486 3188 pectorum
510 3110 601 3186 vitiis,
628 3111 725 3170 nervis
745 3124 861 3186 quoque
883 3109 985 3186 quibu's
1012 3111 1198 3169 succinctum

17 3161 19 3176 Ι
105 3256 109 3265 ,
152 3203 204 3259 190
216 3204 260 3254 est
279 3210 385 3272 corpus
401 3193 589 3254 utilissimum.
626 3193 746 3271 prodest
760 3201 790 3252 et
806 3193 909 3272 capitis
928 3193 1077 3254 doloribus
1098 3193 1196 3252 unstrl-
1207 3210 1228 3252 ec

194 3278 248 3341 lari
269 3294 369 3338 sucum
386 3295 448 3338 cunr
463 3277 531 3338 oleo
551 3277 675 3342 decocti.
712 3293 769 3337 non
785 3277 861 3338 aliud
877 3277 972 3338 utilius
990 3277 1083 3339 ventri
1102 3285 1133 3336 et
1151 3278 1198 3336 in-

194 3361 306 3420 testinis
322 3370 435 3439 putant,
453 3360 521 3422 ideo
535 3361 719 3436 dysintericis
737 3371 766 3422 et
781 3363 809 3422 in
822 3369 966 3422 tenesmos
979 3362 1061 3422 datur
1074 3369 1197 3420 tostum.

196 3443 284 3521 aliqui
296 3442 412 3506 ¹addunt
434 3455 462 3506 et
482 3447 595 3524 opium,
617 3445 714 3525 pilulis
735 3448 763 3506 iu
778 3446 825 3508 die
840 3448 929 3507 ternis
945 3447 1034 3524 lupini
1050 3446 1199 3523 magnitu-
