2512 3858
278 245 357 293 uus.
379 243 469 294 meu.
490 245 560 292 ιιι.
583 231 864 316 ut-to.(41-tt.)
898 312 901 319 ¹
1017 233 1054 297 tt
1084 225 1099 252 ⁸

11 427 12 440 ι
74 398 151 460 abies
167 397 255 457 liores
276 399 355 458 croci
377 396 477 458 colora
497 399 573 459 circa
588 397 754 473 solstitium,
773 415 870 458 semen
883 399 976 461 reddit
989 410 1056 479 post

72 480 255 559 vergiliarum
268 498 413 541 occasum.
440 482 523 560 pinus
539 489 632 540 autem
647 489 677 540 et
690 483 774 558 picea
790 484 975 559 praeveniunt
988 503 1054 562 ger·

11 629 12 648 ,
73 565 224 624 minatione
242 563 402 642 quindecim
416 564 480 624 iere
494 564 612 641 diebus,
633 581 733 623 semen
753 580 824 623 vero
841 574 908 643 post
920 568 1056 644 vergilias

10 649 12 692 ¹
75 659 102 708 et
116 665 196 726 ipsae
212 648 342 706 reddunt

55 745 66 782 t
137 731 219 810 (44.)
248 729 363 790 citreae
385 738 414 790 et
433 731 571 809 iunipirus
594 737 622 788 et
640 729 700 789 ilex
721 729 867 790 anniferae
884 730 1034 806 labentur,
1048 744 1098 798 107

10 817 12 842 '
73 831 222 891 novosque
243 814 381 873 fructus
372 833 400 872 ιιι
422 813 466 873 lais
488 831 551 873 cnm
569 814 704 873 annotino
726 811 843 891 pendet.
878 816 907 873 iu
928 831 1058 876 mamma

72 909 165 958 tamen
180 897 362 956 admiratione
377 899 460 975 pinus
478 906 532 956 eet
563 895 652 956 habet
670 895 793 958 fructum
806 905 1057 973 maturescentem,

71 981 159 1042 hahet
183 996 323 1059 proxumo
349 995 421 1040 auno
450 980 486 1040 ad
509 981 697 1040 maturitatem
722 989 871 1040 venturum
892 995 928 1042 ac
953 981 1058 1041 deinde

72 1065 167 1124 tertio.
201 1079 257 1122 nec
275 1062 335 1122 ulla
356 1063 489 1123 arborum
509 1063 617 1122 avidius
645 1081 677 1122 se
698 1064 844 1141 promittit.
880 1081 937 1142 quo
958 1060 1057 1123 meuse

10 1215 11 1224 ἵ
46 1165 66 1205 ιι
75 1167 110 1206 ex
131 1165 165 1207 ea
185 1164 242 1205 nux
262 1145 427 1224 decerpitur
448 1144 552 1204 eodem
565 1148 729 1212 maturescit
750 1145 816 1206 alia.
847 1147 890 1206 sic
909 1147 1056 1225 dispensa-

74 1240 117 1289 tur
131 1238 163 1288 ut
178 1229 254 1289 nullo
269 1246 326 1288 non
340 1245 439 1287 meuse
453 1236 652 1289 maturescant.
681 1245 755 1306 quae
777 1247 810 1288 se
831 1231 859 1310 in
874 1229 980 1290 arbore
993 1232 1058 1308 ipsa

10 1317 11 1366 4
74 1313 197 1372 divisere
222 1313 337 1372 azaniae
363 1320 516 1388 vocantur,
548 1311 719 1390 laeduntque
748 1321 861 1373 ceteras
888 1315 941 1374 uisi
963 1312 1057 1373 detra-

10 1407 11 1442 4
75 1397 185 1455 lantur.
710 1420 714 1442 ι

136 1477 220 1555 (45.)
245 1475 377 1536 Fructum
394 1477 526 1537 arborum
542 1477 624 1538 solae
639 1477 746 1539 nullum
758 1459 862 1556 ierunt,
874 1479 931 1540 hoc
944 1488 1098 1550 estuetos

47 1582 66 1622 u
75 1578 172 1620 semen
184 1561 305 1638 quidem,
315 1562 432 1620 tamarix
448 1562 545 1639 scopis
558 1570 663 1621 tantum
677 1579 809 1638 nascens,
818 1563 954 1640 populus,
963 1563 1055 1640 alnus,

73 1645 164 1703 ulmus
183 1642 286 1718 Atinia,
303 1644 456 1719 alaternus,
473 1645 517 1703 cui
529 1643 599 1703 folia
610 1645 684 1703 inter
695 1644 789 1703 ilicem
803 1645 957 1704 etolivam.
985 1647 1056 1706 inie-

11 1793 12 1814 χ
73 1727 144 1786 lices
159 1733 253 1790 autem
268 1726 461 1786 existimantur
478 1726 683 1804 damnataeque
701 1726 850 1803 religione
866 1743 939 1805 quae
961 1746 1056 1807 neque

11 1835 12 1874 ι
72 1818 204 1869 seruntur
224 1825 353 1886 umquam
374 1825 468 1886 neque
488 1809 609 1869 iructum
631 1809 734 1869 ierunt
777 1807 936 1870 Cremutius
957 1820 1056 1870 auctor

10 1879 15 1968 1
73 1901 117 1951 est
130 1907 280 1990 numquam
295 1893 390 1951 virere
411 1891 562 1951 arborem
564 1910 601 1952 ex
617 1909 672 1972 qua
686 1891 794 1967 Phyllis
814 1911 847 1953 se
863 1893 1054 1971 suspenderit.

44 1991 64 2032 ιι
72 1974 153 2048 Quae
165 1976 294 2033 cummim
305 1975 423 2050 gignunt
437 1983 504 2052 post
514 1976 746 2051 germinationem
758 1977 931 2054 aperiuntur,
941 1978 1056 2037 cummis

10 2047 12 2118 4
71 2075 127 2117 non
141 2059 196 2116 misr
189 2056 304 2117 iruetu
319 2057 449 2117 detracto
466 2057 613 2133 spissatur.

10 2157 11 2172 ¹
130 2139 217 2218 (46.)
238 2138 381 2200 Novellae
396 2138 515 2198 arbores
531 2139 1097 2216 carentfructuquamdtuereseunt.1oo

10 2195 11 2280 4
71 2223 195 2302 perdunt
209 2222 345 2282 facillime
361 2231 426 2281 aute
446 2223 632 2281 maturitatem
653 2220 765 2300 palma,
787 2222 875 2300 dous,
896 2225 1054 2303 amygdala,

71 2306 172 2380 malus,
188 2305 278 2383 pirus,
295 2306 363 2364 item
378 2305 490 2384 punica,
505 2321 578 2382 quae
598 2305 682 2364 ctiam
696 2301 811 2364 roribus
824 2305 914 2364 nimiis
937 2312 966 2364 et
980 2307 1056 2382 prun

43 2392 111 2449 nnis
129 2387 234 2448 liorem
254 2389 362 2448 amittit.
401 2386 509 2466 quade
528 2405 614 2448 causa
633 2387 780 2448 iuilectunt
800 2400 899 2448 ramos
915 2388 1006 2487 eius,
1018 2403 1055 2446 ne

70 2471 199 2532 subrecti
213 2487 339 2531 umorem
355 2469 486 2530 infestum
506 2473 649 2550 excipiant
669 2481 753 2549 atque
774 2471 945 2532 contineant.
976 2472 1055 2549 pirus

10 2627 11 2634 ἵ
70 2564 98 2614 ot
116 2543 287 2629 amygdala,
309 2554 418 2612 etiamsi
437 2571 494 2612 non
515 2554 612 2632 pluat,
635 2554 688 2614 sed
710 2555 758 2614 liat
776 2556 929 2616 austrinum
945 2554 1055 2615 caelum

10 2669 11 2672 ¹
69 2636 275 2711 autunbilum,
283 2638 420 2720 amittunt
434 2637 534 2696 ilorem
556 2637 842 2736 etprimosiruetns,
864 2639 905 2712 si,
926 2655 990 2698 cum
1005 2637 1054 2697 de·
1126 2673 1129 2681 ,

68 2719 248 2793 defloruere,
264 2718 337 2778 tales
352 2707 413 2778 dies
429 2719 541 2777 luerint.
574 2720 707 2781 ocissime
727 2729 820 2780 antem
841 2719 915 2780 salix
937 2721 1096 2785 amittitllo

40 2816 181 2876 sesemen,
196 2810 346 2879 autequam
360 2802 473 2861 omuino
490 2804 677 2862 maturitatem
693 2804 811 2879 sentiat,
821 2801 858 2860 ob
869 2802 897 2862 id
911 2802 987 2863 dicta
997 2803 1053 2863 llo·

70 2903 153 2945 mero
168 2884 354 2963 frugiperdia.
384 2893 485 2944 secuta
500 2891 579 2942 aetas
599 2884 712 2944 scelere
734 2901 785 2943 suo
806 2885 989 2962 interpretata
1010 2894 1055 2944 est

70 2968 145 3027 hanc
159 2969 338 3040 sententiam,
352 2967 464 3044 quando
480 2983 579 3026 semen
592 2966 689 3026 salicis
701 2965 812 3025 mulieri
824 2967 980 3036 sterilitatis
995 2984 1053 3024 me·

10 3103 11 3112 ,
71 3050 263 3110 dicamentum
288 3065 355 3108 esee
381 3057 501 3109 constat.
545 3047 633 3107 sed
624 3066 652 3107 m
676 3049 732 3108 lroc
759 3065 872 3128 quoque
898 3048 1064 3146 providens
1173 3113 1183 3124 α

70 3138 172 3192 natura
196 3131 283 3191 facile
304 3125 434 3192 nascenti
453 3141 483 3191 et
501 3131 622 3210 depacto
642 3130 780 3191 surculo
772 3133 940 3190 incuriosius
956 3147 1053 3188 semen

43 3214 159 3275 adedit.
189 3233 245 3274 una
260 3223 353 3274 tamen
373 3213 502 3293 proditur
523 3213 559 3274 ad
578 3215 763 3274 maturitatem
783 3213 913 3292 perferre
929 3211 1033 3274 solita'
1025 3232 1054 3274 ιιι

71 3294 159 3358 Gratia
173 3297 288 3358 insula
280 3314 343 3375 rpeo
359 3298 500 3358 descensu
516 3297 593 3357 lovis
609 3291 763 3376 speluncae
783 3307 894 3407 torvum
915 3294 1051 3372 ligneum·

72 3397 126 3458 quc
142 3379 378 3458 magnitudine
352 3380 466 3440 ciceris.
521 3397 524 3407 ’

131 3464 216 3543 (47.)
244 3462 328 3524 Fiunt
342 3479 411 3523 vero
423 3461 561 3541 quaedam
575 3463 634 3525 loci
647 3463 715 3523 vitio
727 3443 1090 3540 infructuosa,aicatin111
