2534 3866
191 187 231 252 80
525 200 557 248 c.
578 187 676 248 antam
698 198 846 246 saeuum

191 365 315 418 mentum
336 355 449 434 quidam
467 355 544 415 inter
562 355 633 416 duas
654 354 832 414 vitiantibus
852 359 951 431 putant
971 353 1072 426 statui,
1096 359 1125 410 ct
1145 351 1190 413 la·

194 441 277 502 cilius
300 439 508 518 ablaqueantur
527 441 584 512 ita,
612 437 772 515 meliusque
797 445 842 496 eet
860 437 994 512 uniiugae
1013 435 1135 510 uineae,
1165 438 1191 496 si

192 535 287 586 tamen
302 532 331 582 et
346 525 401 601 ipsi
417 525 485 599 iugo
501 524 556 581 sint
570 523 648 581 vires
666 539 722 584 uec
744 521 816 598 liutu-
826 520 931 580 inieeta
946 521 1039 595 regio.
1072 519 1101 576 in
1117 535 1189 596 qna-

192 607 343 686 dripertita
360 624 444 686 quarn
459 622 626 684 proxumum
644 605 726 664 oneri
740 603 938 666 adminiculum
952 620 1020 680 esee
1034 601 1133 678 debet,
1152 620 1189 662 ne

186 702 287 752 tamen
307 691 529 769 inpedimentum
550 690 654 748 sentiat
676 688 859 766 ablaqueatio
881 687 978 746 cubito
1004 685 1111 746 abesse
1130 703 1216 745 nunt

151 785 201 840 195
209 775 341 854 amplius,
350 774 516 852 ablaqueari
526 781 621 836 autem
632 773 712 849 prius
722 788 806 849 quam
816 771 911 851 putari
919 769 1028 830 iubent.
1044 770 1101 848 [to]
1114 768 1189 830 Cato

193 861 229 921 de
244 861 319 920 omni
335 858 446 918 cultura
466 857 563 916 vitium
585 857 624 915 ita
646 855 805 933 praecipit:
838 853 947 928 Quam
967 854 1190 915 altissimam

195 946 334 1004 vineam
350 941 469 1000 facito
487 936 871 1019 alligatoquerecte‚
891 938 969 998 dum
985 938 1190 998 neuimiun'r

194 1026 443 1100 constringas.
483 1022 552 1082 hac
574 1023 677 1088 modu
705 1021 950 1083 eam‘eurato:
986 1023 1108 1099 capita
1131 1023 1188 1079 vi·

192 1113 380 1186 tiumper
413 1113 615 1168 sementem
642 1105 895 1186 ablaqueato.
939 1105 1091 1166 cineam
1122 1123 1224 1184 qiu-10

193 1203 302 1270 tetam
325 1190 607 1267 circumfodito,
626 1209 731 1252 arare
753 1190 924 1268 incipito.
955 1188 1054 1249 ultre
1072 1189 1188 1248 citrc·

193 1292 262 1356 que
299 1275 428 1335 sulcos
464 1284 672 1353 perpetuos
705 1274 847 1334 ducito.
905 1274 998 1334 vitis
1036 1282 1188 1332 teneras

194 1376 295 1438 quam
325 1360 473 1436 primum
496 1366 717 1436 propagate,
744 1357 807 1418 ate
829 1365 1009 1432 cecata,
1032 1366 1188 1420 ueteres

194 1460 296 1520 quam
322 1444 509 1502 minumum
537 1451 712 1502 castrato.
757 1442 900 1519 patius,
927 1443 962 1501 si
982 1458 1074 1518 opus
1095 1442 1187 1515 erit,

195 1526 341 1590 deicito
366 1525 589 1603 biennioque
610 1534 695 1604 past
717 1524 942 1604 praecidite.
986 1526 1098 1585 vitem
1123 1541 1225 1595 noem

192 1611 326 1673 uellam
351 1611 525 1670 resecari
553 1617 624 1670 tum
651 1610 723 1669 crit
750 1618 911 1687 tempus,
940 1607 1186 1669 uhiualebit.
1259 1681 1260 1692 ἵ

153 1696 244 1759 libai
265 1696 375 1754 vinea
394 1693 436 1754 ab
452 1695 528 1753 vite
545 1693 691 1754 calvata
706 1694 796 1769 erit,
812 1693 935 1754 sulcos
950 1695 1187 1770 interponito
1259 1695 1260 1768 l

194 1779 319 1857 ibique
342 1780 459 1838 vivam
487 1778 647 1838 radicem
673 1778 803 1837 serito.
848 1777 1008 1837 umbram
1029 1794 1046 1836 a
1067 1775 1187 1836 sulcis
1259 1821 1260 1838 t

194 1870 403 1936 removeto,
435 1860 642 1938 crebroque
667 1861 800 1921 ludite.
854 1859 893 1922 ln
918 1862 1026 1920 vinea
1054 1869 1189 1919 vetere

195 1947 318 2005 serite
337 1946 496 2020 ocinum,
520 1945 555 2004 si
576 1962 695 2005 macra
715 1945 795 2005 erit.
840 1943 936 2022 quod
957 1962 1104 2022 granum
1126 1961 1225 2006 οτι-πο

194 2029 249 2104 pit
270 2045 313 2086 ne
334 2029 473 2102 serito,
499 2036 534 2087 et
556 2029 690 2088 circum
714 2031 838 2106 capita
866 2029 992 2090 addito
1018 2037 1186 2101 stercus,

152 2110 576 2187 197*paleas,vinaeear‚
599 2111 946 2189 aliquidburumce.
991 2111 1058 2172 Ubi
1077 2113 1188 2171 uinea

193 2193 370 2254 frondere
393 2196 585 2272 coeperit,
603 2197 826 2274 pampinato.
859 2197 989 2256 uineae
1011 2194 1187 2255 novellas
1258 2211 1259 2306 q

147 2328 158 2348 ,
194 2277 362 2355 adligato
397 2277 544 2352 erebro,
576 2296 619 2337 ne
653 2279 772 2339 caulis
800 2279 1095 2357 praestingatur.
1151 2287 1189 2337 et
1258 2309 1259 2378 q

195 2378 287 2439 quae
311 2363 377 2420 iam
406 2363 440 2420 in
461 2363 642 2439 perticam
672 2360 738 2421 ibit
760 2362 840 2422 eina
861 2365 1059 2442 pampinos
1082 2371 1226 2424 tene-25
1258 2393 1259 2410 κ

194 2449 256 2528 rq's
295 2443 463 2521 atiligatc
508 2443 647 2504 leviter
684 2446 945 2525 purriqithuc
985 2448 1036 2506 uti
1078 2455 1188 2510 recte

195 2534 303 2586 stent.
339 2526 398 2586 ubi
419 2545 485 2586 uva
507 2529 611 2587 varia
634 2528 723 2588 lieri
744 2532 934 2608 coeperit,
954 2531 1044 2590 vitia
1065 2529 1188 2591 anbli-

151 2617 348 2686 i9itgatc...
383 2610 440 2688 [tl]
463 2609 561 2669 vitis
577 2611 705 2672 insitio
721 2623 860 2673 unaest
876 2631 940 2692 per
961 2632 1043 2689 ver,
1064 2613 1189 2674 altera

83 2771 84 2774 Ἴ
194 2709 268 2752 cum
296 2711 362 2752 uva
390 2693 516 2754 lieret.
567 2699 903 2774 caeptumacst...
946 2695 1186 2757 Vincamve·

193 2784 308 2836 terem
331 2779 360 2837 si
382 2779 417 2836 in
439 2778 547 2837 alium
571 2779 690 2838 locum
711 2779 920 2841 transferre
937 2780 1061 2856 voles,
1086 2779 1225 2845 dum-ac

192 2860 525 2922 taxat-bracchium
547 2881 708 2924 crassam
726 2863 869 2923 licebit.
899 2866 1051 2942 primum
1068 2863 1186 2942 depu-

192 2952 279 3004 tato.
303 2943 577 3021 binaeqemmae
594 2947 1043 3026 neampliusrellnquitc.
1068 2965 1186 3007 exra·
1257 2957 1258 2962 ’

193 3028 1185 3092 dicibusbeneeilodit0.eteaveradicesaeeaucies.

191 3111 242 3170 ita
260 3113 312 3170 uti
333 3112 464 3187 luerit,
488 3114 616 3190 ponito
632 3116 666 3173 in
687 3113 821 3173 scrobe
838 3117 946 3175 autin
966 3114 1072 3174 sulco
1093 3132 1185 3192 ope-

192 3195 342 3272 ritoque
363 3204 398 3255 et
418 3195 511 3254 bene
533 3198 738 3257 occulcatc.
778 3198 980 3276 eodemque
1002 3199 1106 3260 modo
1128 3201 1226 3264 abac

191 3271 1184 3359 neumatatuitc,adligatoilexathueutiluerit‚·cr'e-

191 3358 479 3438 brcqrelclito.
497 3361 627 3442 Ocnum,¹
635 3364 711 3441 quod
720 3366 748 3425 in
757 3367 907 3427 vineaeeri
918 3366 1006 3442 iubet,
1014 3367 1184 3445 antiquiap-

171 3461 175 3472 ’
192 3441 482 3528 pernumeratum
495 3447 612 3510 umbrae
625 3450 749 3528 patiens,
764 3451 841 3530 quod
854 3451 1004 3512 celerrime
1017 3451 1183 3528 proveniat.
1255 3487 1257 3496 ι
