2534 3866
189 175 230 236 96
526 183 556 234 o.
572 185 667 233 rnnu
682 185 830 236 uacuum

190 359 256 402 rura
276 341 432 414 baberent,
455 341 580 402 urbanae
602 357 691 418 veru,
715 342 743 402 in
765 359 836 420 quas
856 340 1005 402 transferri
1026 342 1181 418 ignominia

191 433 281 500 esset,
297 423 425 491 desidiae
437 425 554 501 probro.
571 427 673 502 'itaque
686 434 819 502 quattuor
830 425 911 483 solae
924 433 1004 484 erant
1019 441 1035 483 a
1051 426 1181 503 partibus

190 508 269 567 urbis
287 508 394 586 inquis
411 505 591 581 habitabant,
614 507 794 584 Suburrana,
812 507 955 582 Palatina,
974 506 1104 585 Collina,
1121 508 1180 568 Εκ-

98 649 100 652 ,
191 592 307 670 quilina.
330 590 460 650 nundinis
475 592 575 651 urbem
592 591 778 652 revisitabant
794 602 822 651 et
836 591 903 650 ideo
921 592 1036 651 comitia
1050 592 1180 654 nundinis
1263 619 1264 622 ¹

149 675 302 740 ttbobere
325 692 383 734 non
407 674 529 750 licebat,
554 691 590 734 ne
615 674 718 752 plebes
742 677 848 735 rustica
868 684 1049 734 avocaretur.
1090 675 1208 750 Quieto

190 775 364 837 somnusque
383 759 586 818 instrumentis
602 767 673 816 erat.
704 758 825 834 gloriam
843 757 966 834 denique
983 759 1073 836 ipsam
1091 778 1107 819 a
1122 761 1179 820 lar·

188 842 229 900 ris
251 843 363 902 honore
383 841 512 900 adoream
526 839 720 919 appellabant.
749 839 880 919 equidem
898 841 960 918 ipsa
983 843 1069 901 etiam
1089 843 1180 903 verba
1263 873 1264 912 ι

189 925 537 1004 priscaesigniticationis
555 924 687 984 admiror.
716 925 754 983 ita
769 933 814 983 est
827 924 900 982 enim
921 925 950 982 in
967 928 1179 988 commentariis

190 1009 368 1089 pontificum:
398 1007 556 1084 Augurio
583 1008 732 1068 canario
763 1007 905 1083 agendo
931 1007 1010 1067 dies
1040 1011 1178 1070 consti·
1263 1085 1264 1094 ἵ

190 1100 338 1151 tuantur
361 1091 574 1169 priusquam
602 1091 780 1150 frumenta
809 1091 959 1166 vaginis
990 1101 1127 1152 exeant
1149 1102 1215 1155 etro
1263 1161 1264 1168 χ

190 1183 383 1252 antequam
403 1173 437 1232 in
457 1176 613 1252 vaginas
636 1175 866 1251 perveniant.
1263 1195 1264 1252 ι

148 1270 182 1320 15
253 1258 316 1335 (t.)
335 1255 415 1333 Ergo
430 1256 474 1317 bis
488 1258 615 1317 moribus
625 1273 681 1316 non
695 1257 782 1316 modo
798 1255 979 1318 sufficiebant
992 1257 1095 1335 fruges'
1103 1259 1179 1318 nulla
1263 1283 1264 1324 ι

189 1341 401 1419 provinciarum
415 1350 555 1418 pascente
568 1339 692 1416 ltaliam,
716 1359 814 1399 verum
835 1342 919 1399 etiarn
941 1359 1070 1401 annonae
1085 1343 1178 1401 vilitas
1263 1363 1264 1414 ι

187 1422 365 1483 incredibilis
381 1433 453 1482 erat.
484 1423 594 1484 blanius
606 1423 731 1484 blaseius
747 1423 849 1484 aedilis
872 1423 967 1502 plebis
987 1427 1106 1503 primurn
1121 1425 1178 1484 lru·
1263 1421 1264 1502 l

188 1515 313 1566 mentum
330 1507 440 1586 populo
455 1509 485 1566 in
505 1507 617 1566 modios
638 1506 750 1566 assibus
766 1507 882 1566 detavit.
915 1506 946 1566 L.
967 1507 1213 1578 blinutiusbu·1s
1263 1519 1264 1544 ³

189 1593 324 1668 guribus,
347 1593 395 1668 qui
420 1593 470 1669 Sp.
486 1590 621 1652 blaelium
638 1597 824 1667 coarguerat,
848 1591 931 1650 larris
951 1594 1072 1670 pretium
1088 1594 1116 1652 in
1130 1595 1177 1652 tri·
1263 1597 1264 1658 l

189 1676 233 1733 nis
259 1675 389 1734 nundinis
409 1674 445 1734 ad
468 1693 562 1735 assem
588 1673 702 1750 redegit
727 1673 892 1733 undecimus
913 1672 1011 1752 plebei
1038 1675 1177 1752 tribunus,
1263 1689 1264 1748 l

190 1775 245 1836 qua
260 1758 296 1817 de
318 1773 405 1817 causa
425 1767 517 1818 statua
541 1760 568 1817 ei
594 1765 675 1817 extra
702 1765 814 1835 portam
836 1759 1017 1834 trigeminam
1038 1759 1177 1840 apopulo

148 1850 180 1904 16
192 1842 267 1919 stipe
283 1841 395 1900 conlata
412 1849 515 1900 statuta
530 1849 584 1901 est.
625 1840 658 1900 Τ.
676 1841 760 1901 Scins
783 1843 811 1900 in
827 1841 971 1901 aedilitate
994 1843 1105 1902 assibus
1125 1859 1176 1920 po-

189 1925 259 2002 pulo
276 1923 444 1983 frumentum
467 1925 618 2002 praestitit,
638 1932 720 2002 'quarn
739 1923 777 1982 ob
798 1936 914 1984 causam
934 1933 963 1984 et
979 1927 1005 1984 ei
1022 1935 1132 1986 statuae
1150 1928 1214 1990 inu

190 2005 336 2083 Capitolio
357 2025 391 2066 ac
416 2007 524 2085 palatio
541 2007 654 2068 dicatae
677 2015 756 2083 sunt,
782 2009 845 2086 ipse
866 2025 1000 2085 supremo
1009 2009 1062 2084 die
1077 2011 1176 2088 populi

189 2090 295 2148 umeris
313 2099 444 2167 portatus
462 2093 491 2150 in
508 2102 610 2168 rogum
627 2101 680 2151 est.
715 2109 771 2170 quo
785 2109 884 2150 verum
899 2109 973 2152 anno
986 2091 1079 2152 blaten
1094 2094 1177 2153 deum

190 2171 311 2232 advecta
327 2172 446 2234 Romam
461 2183 520 2251 est,
543 2177 680 2234 malorem
699 2193 734 2234 ee
755 2182 865 2235 aestate
886 2191 1011 2235 messem
1027 2195 1109 2254 quum
1128 2195 1175 2236 an·

147 2263 179 2318 ll
192 2256 391 2316 tecedentibus
418 2260 499 2318 annis
524 2259 625 2318 decem
649 2257 753 2317 iactum
774 2275 840 2316 esse
860 2260 981 2319 tradunt.
1024 2259 1062 2320 bl.
1084 2259 1175 2322 Varro

190 2347 291 2398 auctor
308 2349 368 2414 est,
391 2340 498 2401 cumb.
514 2341 649 2402 lletellns
663 2343 692 2398 in
706 2341 846 2418 triumpho
861 2341 1008 2420 plurumos
1024 2344 1103 2403 duxit
1117 2345 1212 2404 ele-25

188 2422 327 2500 plantus,
360 2423 472 2483 assibus
503 2425 622 2500 singulis
648 2424 731 2482 larris
754 2425 865 2484 modios
891 2425 997 2502 luisse,
1031 2430 1098 2487 item
1120 2429 1176 2488 vini

189 2505 311 2580 congios
334 2506 438 2583 licique
464 2505 560 2565 siccae
584 2507 681 2585 pondo
704 2519 792 2583 xxx,
815 2509 878 2571 ,olei
898 2511 994 2587 pondo
1016 2524 1056 2588 x,
1083 2514 1175 2572 carnis

189 2587 286 2663 pondo
302 2601 361 2647 x11.
391 2605 479 2648 nece
499 2588 654 2649 latifundiis
674 2590 849 2666 singulorum
871 2593 1055 2670 contingebat
1075 2613 1174 2656 arcen-

188 2671 256 2728 tium
278 2673 406 2748 vlcinos‚
446 2673 552 2751 quippe
584 2674 667 2733 etiam
696 2673 763 2750 lege
789 2675 918 2735 Stolonis
945 2676 1034 2738 Licini
1063 2679 1174 2739 incluso

187 2754 273 2814 modo
290 2754 508 2833 quingentorum
523 2758 651 2834 iugerum
668 2765 696 2816 et
713 2758 776 2838 ipso
793 2777 843 2818 sna
858 2758 926 2836 lege
942 2761 1084 2836 damnato,
1111 2780 1210 2823 cumoo

146 2843 179 2900 18
189 2836 340 2898 substituta
361 2839 400 2898 lili
417 2857 542 2918 persona
562 2840 684 2917 amplius
697 2843 879 2918 'possideret
916 2843 1093 2904 Luxuriantis
1118 2848 1173 2907 iarn

186 2922 231 2980 rei
257 2921 391 3000 publicae
422 2923 474 2982 fuit
505 2925 558 2983 istu
591 2941 733 2983 mensura.
774 2923 849 2984 lilani
874 2928 988 3005 quidem
1015 2927 1082 2988 Guri
1105 2940 1173 3008 post
1263 2913 1264 2970 Ὗ

186 3004 344 3084 triumphos
357 3007 572 3084 inmensumque
586 3015 725 3068 terrarum
739 3008 879 3069 adiectum
893 3012 1014 3088 imperio
1028 3023 1171 3073 notacon·

187 3090 233 3149 cio
259 3097 305 3148 est
324 3091 517 3168 perniciosum
541 3091 672 3169 intellegi
688 3092 778 3150 civem
794 3095 839 3154 cni
860 3103 970 3172 septem
992 3097 1092 3173 iugera
1114 3115 1172 3157 non

185 3181 285 3230 essent
299 3173 379 3232 satis.
413 3173 485 3232 haec
499 3182 592 3234 autern
610 3192 742 3234 mensura
756 3174 853 3252 plebei
867 3187 933 3254 post
947 3188 1068 3239 exactos
1082 3199 1171 3258 reges
1181 3204 1207 3246 os

143 3261 176 3314 19
187 3253 334 3330 adsignata
356 3263 410 3314 est.
447 3255 593 3329 Quaenam
613 3275 684 3336 ergo
706 3266 801 3318 tantae
820 3259 959 3320 ubertatis
980 3279 1067 3323 causa
1087 3263 1172 3324 erat?

185 3335 310 3412 ipsorum
330 3345 398 3399 tunc
417 3339 545 3400 manibus
563 3343 764 3420 imperatorum
781 3341 948 3404 colebantur
968 3348 1045 3423 agri,
1071 3357 1102 3406 ut
1126 3348 1172 3408 ias

185 3427 230 3479 est
245 3420 382 3499 credere,
411 3425 555 3501 gaudente
574 3433 651 3485 terra
676 3442 793 3486 vomere
814 3425 942 3489 laureato
961 3438 990 3489 et
1007 3431 1173 3509 triumphali
