2534 3866
14 271 16 340 p
313 218 498 268 uar.n1sr.
513 217 730 272 xviam-at.
746 210 898 290 (ao—'tw
1061 211 1099 275 91

110 389 175 432 cum
197 371 370 446 evolavere,
392 389 450 430 non
471 373 651 432 inveniuntur
673 375 746 432 intus
768 393 874 452 grana,
897 395 971 456 quae
993 379 1021 436 in
1049 396 1102 438 eos

14 501 16 530 p
108 472 196 514 versa
214 454 342 532 adparet.
372 455 495 515 exeundi
507 465 583 517 tanta
594 465 640 515 est
651 456 772 517 aviditas
783 467 814 517 ut
825 458 958 538 plerique
968 469 1016 520 aut
1025 463 1101 540 pede

14 541 16 634 l
107 539 215 598 relicto
233 547 281 597 ant
299 537 402 616 pinnae
419 547 500 616 parte
516 547 674 618 erumpant.
712 538 764 601 Est
782 550 810 600 et
828 541 905 601 aliud
924 557 1015 619 genus
1031 546 1101 606 culi·

14 635 15 660 t
111 640 176 683 cum
190 638 265 700 quos
276 630 381 681 vocant
393 624 555 699 conminus,
572 624 645 683 incia
663 625 759 701 apium
775 625 882 685 similes
900 626 1012 702 ignavia
1023 628 1101 688 mali·

85 707 208 784 otiaque
234 723 299 764 cum
322 705 450 782 pernicie
475 721 610 768 verorum
636 715 665 766 et
685 706 803 766 utilium.
838 710 1008 768 interemunt
1030 711 1103 770 enim

14 809 15 822 ¹
109 788 179 849 illos
200 789 290 866 utque
303 789 358 866 ipsi
378 791 599 850 conmoriuntur.
625 799 731 850 vexant
749 798 779 850 et
790 791 884 852 tineae
896 792 1004 852 semina
1015 791 1083 851 licu-
1091 803 1143 859 256

108 890 183 946 rum,
193 880 293 932 contra
304 889 376 950 quas
386 872 545 932 remedium·
553 875 581 932 in
593 873 701 933 eodem
709 872 815 934 scrobe
836 875 977 935 defodere
998 876 1102 945 taleam

109 955 224 1016 lentisci
250 956 363 1015 inversa
385 965 466 1033 parte
491 973 566 1034 quse
588 956 676 1016 luerit
701 974 717 1016 a
743 958 899 1017 cacumine.
944 957 1103 1020 uberrimas

110 1048 207 1099 autem
218 1039 289 1098 licus
299 1038 414 1098 rubrica
424 1039 638 1105 amurcadiluta
649 1049 679 1099 et
691 1057 754 1098 oum
769 1040 835 1100 limo
851 1041 944 1101 inlusa
959 1041 1102 1102 radicibus

76 1121 249 1185 scircndere
266 1122 460 1199 incipientium
477 1122 556 1181 iacit.
590 1121 790 1200 caprificorum
807 1123 958 1185 laudantur
972 1141 1102 1185 maxume

110 1207 211 1282 nigrae
227 1214 257 1264 et
267 1199 445 1283 in'petrcsis,
464 1206 597 1284 quoniam
611 1206 751 1266 frumenta
768 1207 897 1285 pluruma
906 1206 1039 1285 babeant,
1053 1226 1099 1269 oa·

111 1288 254 1369 priiicatio
266 1290 330 1368 ipsa
341 1297 408 1367 post
418 1287 548 1348 imbrem.
656 1338 658 1342 .
874 1347 878 1362 ,

154 1373 238 1452 (45.)
261 1372 293 1433 ln
317 1373 531 1452 primis-autem
556 1372 714 1433 cavendnm
730 1391 774 1432 'ne
798 1391 837 1445 ex
861 1375 997 1436 remediis
1014 1376 1083 1435 vitia
1093 1383 1144 1440 25⁷

112 1456 196 1530 liant,
216 1457 292 1534 quod
310 1458 406 1516 evenit
419 1457 503 1516 nimia
518 1466 565 1516 ant
580 1457 779 1534 intempestiva
796 1457 946 1519 medicina.
985 1459 1102 1518 interlu-

78 1560 103 1602 ω
113 1541 190 1600 catio
205 1539 356 1600 arboribus
372 1538 502 1618 prodest,
519 1539 572 1600 sed
584 1541 706 1598 omnium
722 1555 860 1599 annorum
875 1540 1026 1602 trucidatio
1041 1543 1101 1602 inu·

111 1623 251 1683 tilissima.
282 1623 348 1682 vitis
372 1631 478 1684 tantum
502 1633 648 1683 tonsuram
672 1638 793 1681 murum
814 1624 941 1699 quaerit,
965 1623 1102 1685 alternam

111 1723 183 1766 vero
196 1715 314 1782 myrtus,
328 1707 461 1784 punicae,
475 1707 575 1782 oleum,
592 1705 657 1788 qnia
675 1703 812 1763 celeriter
828 1704 1027 1764 fruticescnnt.
1053 1724 1101 1765 ce·

111 1798 194 1850 terae
204 1790 296 1850 rarius
308 1789 472 1872 tondentur,
483 1789 560 1850 nulla
572 1798 714 1849 autumno.
745 1804 779 1846 ac
790 1805 827 1846 ne
842 1787 979 1847 raduntur
989 1788 1103 1865 quidem

113 1874 167 1933 nisi
180 1891 261 1933 vere
297 1873 444 1952 putatione
457 1871 543 1950 plaga
560 1872 596 1933 ad
610 1871 707 1931 vitalia
722 1879 786 1930 sunt
798 1872 891 1931 omnia
904 1887 1101 1949 quaecumque

78 1975 171 2018 eonon
182 1973 373 2034 supervacua.
599 1971 600 1978 ¹

177 2039 263 2119 (46.)
295 2038 401 2098 Similis
423 2039 479 2099 limi
502 2038 584 2122 ratio.
620 2037 747 2115 gaudent
771 2054 827 2114 eo,
850 2037 902 2098 sed
925 2038 1144 2100 cavendumattt

114 2143 151 2184 ne
167 2125 196 2183 in
215 2123 334 2182 fervore
352 2121 424 2181 solis
442 2121 644 2194 admoveatur,
660 2137 697 2179 ne
717 2113 898 2194 idmaturum‚
925 2137 961 2179 ne
979 2122 1100 2181 validius

115 2225 199 2286 quam
218 2223 293 2284 opus
309 2207 354 2265 sit.
395 2207 451 2266 urit
471 2204 569 2263 vineas
590 2203 702 2263 suillum
726 2203 780 2262 nisi
802 2203 994 2282 quinquennio
1015 2205 1101 2264 inter·

113 2292 222 2369 posito,
240 2298 443 2369 praeterquam
460 2288 485 2346 si
503 2288 592 2364 riguis
604 2285 742 2360 diluatur,
764 2294 793 2346 et
809 2304 826 2345 e
843 2285 1028 2345 coriariorum
1042 2302 1102 2344 sor·

79 2373 202 2434 aedibus
227 2374 281 2432 nisi
306 2372 429 2433 admixta
454 2389 535 2448 aqua.
571 2371 638 2431 item
659 2369 776 2447 largius.
819 2370 922 2428 iustum
943 2366 1104 2428 existimant

112 2459 145 2518 -in
156 2456 248 2517 denos
259 2455 351 2534 pedes
364 2455 518 2534 quadratos
534 2455 585 2513 tris
602 2453 723 2513 modios.
766 2451 795 2512 id
809 2451 923 2531 quidem
937 2451 993 2512 soli
1004 2458 1104 2510 natura

118 2541 267 2601 decernet.
681 2573 690 2594 1

181 2622 263 2700 (47.)
288 2619 457 2681 Columbino
475 2637 509 2680 ao
528 2619 612 2679 suillo
630 2619 726 2698 plagia
743 2635 857 2698 quoque
872 2618 1006 2678 arborum
1026 2635 1082 2676 me·
1094 2623 1146 2678 259

12 2695 13 2760 l
118 2707 230 2766 dentur.
264 2706 289 2763 si
298 2704 372 2764 mala
384 2704 487 2780 punica
499 2701 580 2762 acida
591 2711 753 2778 nascantur,
766 2701 948 2780 ablaqueatis
959 2699 1102 2762 radicibus

82 2808 109 2848 sn
119 2789 213 2848 limum
224 2786 336 2847 suillum
349 2785 493 2847 adhibent.
507 2800 543 2843 eo
555 2801 629 2844 anno
640 2782 795 2860 vinolenta,
803 2800 942 2862 proxumo
954 2782 1048 2843 dulcia
1059 2782 1102 2840 iu·

119 2881 191 2932 tura.
228 2869 277 2930 alii
295 2871 374 2930 urina
394 2868 515 2930 bominis
532 2884 606 2946 aqua
622 2869 709 2926 mixta
728 2866 846 2942 riganda
867 2875 985 2926 censent
1001 2871 1104 2943 quater
1211 2903 1214 2910 -

120 2971 212 3029 anno,
230 2951 349 3030 singulis
362 2953 522 3031 amplioris,
540 2958 588 3010 aut
605 2945 750 3009 cacumiira
767 2949 864 3028 spargi
875 2951 941 3009 vinc
954 2949 1048 3008 lssare
1062 2945 1103 3006 di·

119 3038 190 3098 luto.
225 3037 250 3096 si
261 3035 401 3096 findantur
412 3036 440 3094 in
454 3036 575 3108 arbore,
596 3031 760 3111 pediculum
773 3033 940 3112 intorqueri.
966 3029 1033 3089 ‘licis
1050 3030 1103 3087 uti·

121 3139 177 3199 qne
196 3136 338 3181 amurcam
355 3118 485 3193 odlandi,
505 3117 610 3177 ceteris
632 3115 783 3175 arboribus
798 3118 892 3194 aegris
908 3115 1019 3174 faecem
1036 3113 1104 3210 vini,

12 3269 21 3334 r
84 3195 1147 3362 ”attitulat‘alit'{tttstffttlttdttttltttd

12 3403 13 3452 p
122 3370 222 3443 tonuit,
236 3367 348 3428 cadunt.
383 3367 539 3428 remedium
550 3373 635 3426 estut
646 3374 712 3425 ante
727 3364 833 3443 stipula
843 3363 1006 3424 hordeacea
1018 3367 1105 3423 areae

12 3453 13 3466 *
123 3453 305 3530 stringantur.
323 3520 326 3528 ¹
345 3448 471 3512 Gerasus
486 3449 641 3528 praecocia
662 3447 731 3509 iacit
754 3449 890 3528 cogitque
911 3455 1106 3512 maturescere
