2552 3866
334 205 419 253 unu.
434 204 524 253 mss.
541 205 599 252 xx.
614 201 704 255 8-9..
718 165 870 270 (31434.)
1025 193 1084 256 201
1103 159 1108 169 ¹
1147 233 1148 238 ι

92 356 169 438 ligici
193 359 463 437 scintillationiquc,
486 358 569 434 lieni,
592 358 758 433 stomaob'o,
778 359 958 436 praecordiis
974 360 1087 420 crudam

93 463 127 504 ex
148 453 232 504 aceto
249 452 279 502 et
294 442 399 517 melle,
422 443 590 518 coriandro,
611 450 693 518 ruta,
713 451 807 502 menta
815 442 945 517 ,laseris
960 444 1089 504 radicula

92 536 228 625 sumptam
245 526 405 587 acetabulis
421 526 532 586 dnobus
550 527 698 602 matutino,
713 525 877 604 tantamque
893 543 960 586 csso
982 528 1039 588 vim
1058 537 1088 588 ut

91 613 137 689 qui
156 620 232 670 terat
251 610 326 670 haec
349 592 519 672 ualidiorem
539 611 601 670 lieri
622 628 655 670 se
670 611 784 669 sentiat
818 625 891 686 ergo
905 611 954 670 uel
966 628 1029 670 cum
1041 612 1084 671 lris
1096 623 1129 678 81

69 695 180 756 stritam
198 693 382 770 sorbendam,
398 695 447 754 uel
464 712 502 754 ox
518 694 575 753 boc
594 694 712 753 intinctu
737 694 910 758 sumendam
940 686 1089 772 podagrae

92 787 183 837 autem
197 778 364 857 morbisque
380 778 551 840 articulariis
566 777 646 836 inlini
662 794 726 837 cum
737 785 829 854 rutae,
845 778 988 840 coriandri
999 787 1039 838 et
1044 797 1088 839 sa·

91 861 125 921 lis
146 864 236 938 mica,
264 861 366 922 hordei
386 862 493 938 farina,
516 879 591 960 aqua
616 878 732 941 quoque
754 862 817 921 eius
838 862 962 922 decocta
980 879 1089 925 nervos

91 946 285 1024 articulosque
299 946 371 1004 mire
387 947 487 1007 iuvari.
521 963 547 1006 su
539 946 712 1006 foveantur
728 944 849 1006 volnera
870 955 900 1006 et
914 948 1044 1006 recentia
1060 955 1090 1006 et

90 1037 206 1106 vetera,
222 1031 308 1089 etiam
328 1031 521 1090 carcinomata
544 1047 619 1107 quae
635 1029 731 1089 nullis
736 1029 800 1090 aliis
815 1029 1029 1091 medicamentis
1045 1049 1091 1091 sa

31 1171 38 1180 ,
54 1129 79 1169 ιο
90 1113 150 1172 nari
165 1115 299 1204 possint
292 1112 389 1173 foveri
403 1115 483 1191 prius
500 1111 594 1173 calida
609 1131 683 1191 aqua
697 1114 782 1174 iubet
802 1103 843 1173 ad
859 1112 905 1173 bis
926 1115 972 1174 die
993 1115 1089 1174 tritam

88 1197 196 1274 inponi.
238 1199 281 1256 sic
295 1187 383 1256 'etiam
395 1197 505 1257 listulas
518 1205 548 1256 et
565 1196 661 1258 luxata
678 1207 707 1257 et
723 1214 839 1258 umores
852 1199 981 1274 evocari,
1000 1207 1131 1276 qnaodi

90 1298 144 1359 que
166 1279 280 1340 discuti
275 1299 362 1380 opus
383 1282 429 1340 sit.
464 1281 604 1342 insomnia
620 1282 705 1341 etiam
720 1281 926 1367 vigiliasque
915 1282 1090 1342 tollere!-
1030 1282 1090 1425 ple·

89 1372 218 1462 coctam,
238 1365 262 1423 si
276 1366 362 1424 ieiuni
379 1365 458 1426 edint
475 1382 558 1452 quam
572 1364 730 1442 plurumum
746 1384 784 1424 ex
799 1365 867 1425 oleo
884 1375 913 1426 et
918 1349 1006 1442 sale,
1044 1383 1089 1425 οι-

87 1449 172 1522 mina,
194 1449 219 1507 si
243 1449 368 1508 decocta
387 1444 490 1509 iterum
513 1448 692 1548 decoquatur
715 1448 812 1509 addito
834 1450 919 1526 oleo,
942 1450 1022 1526 sale,
1041 1469 1088 1509 cu·

52 1533 176 1606 rsmino,
191 1532 319 1608 polenta.
352 1535 376 1591 si
397 1535 436 1593 ita
452 1540 579 1592 sumatur
592 1534 656 1592 sine
673 1550 765 1611 pane,
788 1535 879 1609 magis
901 1534 1087 1610 profuturam.

88 1614 287 1691 interreliqua
304 1615 392 1674 bilem
410 1615 521 1676 detrahi
542 1632 595 1692 per
615 1617 711 1675 vinum
731 1617 843 1692 nigrum
863 1626 940 1694 pota.
975 1619 1041 1695 quin
1057 1627 1086 1676 et
1097 1626 1132 1680 83

89 1698 199 1758 urinam
216 1698 277 1756 eius
303 1699 351 1776 qui
371 1698 530 1758 brassicam
552 1699 701 1758 esitaverit
725 1697 873 1759 adservari
893 1699 988 1774 iubet,
1012 1701 1088 1760 cale·

89 1782 373 1858 iact‘amque‘nervis
395 1781 523 1862 remedio
547 1797 625 1842 esse.
652 1781 744 1842 uerba
771 1783 861 1860 ipsius
889 1782 1027 1844 subiciam
1054 1785 1090 1844 ad

90 1864 307 1944 exprimendam
325 1865 510 1925 sententiam:
527 1883 665 1942 pucros
686 1866 847 1944 pusillos
870 1868 900 1925 si
921 1867 1027 1928 laves
1049 1885 1090 1927 ea

51 1951 215 2024 courina,
247 1966 434 2027 numquam
464 1947 604 2008 debilis
631 1949 730 2009 iieri.
768 1949 884 2010 auribus
911 1967 1027 2028 quoque
1052 1969 1090 2010 ex

89 2035 158 2092 vino
175 2049 274 2091 sucum
291 2032 439 2091 brassicae
454 2033 582 2110 tepidum
603 2033 735 2092 instillari
755 2034 873 2109 suadet,
895 2033 981 2113 idque
1005 2036 1090 2095 etiam
1112 2033 1116 2039 ’

89 2116 217 2176 tarditati
230 2115 402 2174 audientium
416 2116 560 2193 prodesse
572 2115 736 2192 adseverat,
753 2125 781 2175 et
793 2117 977 2195 impetigines
989 2119 1090 2184 eadem

91 2201 187 2268 sanari
203 2200 265 2258 sine
280 2199 391 2261 ulcere.
417 2201 419 2210 '

155 2283 238 2363 (34.)
259 2281 436 2344 Graecorum
451 2299 569 2361 quoque
584 2283 735 2361 opiniones
749 2283 803 2342 iam
820 2291 850 2342 ct
866 2281 984 2343 Catonis
1001 2284 1087 2346 causa
1097 2293 1132 2348 84

49 2387 80 2426 25
92 2367 323 2447 poni'convenit,
338 2369 366 2426 in
381 2368 416 2426 iis
432 2367 576 2427 dumtaxat
592 2383 666 2446 quae
682 2367 733 2426 ille
754 2368 991 2445 praetermiserit.
1023 2367 1089 2428 bilis

90 2450 214 2510 trahere
224 2457 462 2530 nou'percoctam
476 2459 586 2529 putant,
603 2452 671 2510 item
687 2450 782 2532 alvom
797 2450 931 2526 solvere,
957 2451 1090 2512 eandem·

93 2551 151 2612 que
166 2532 210 2592 bis
228 2544 339 2595 coctam
358 2537 471 2594 sistere.
508 2535 575 2592 vino
591 2534 740 2595 adversari
764 2543 794 2594 ut
812 2535 953 2594 inimicam
972 2535 1089 2611 vitibus,
1172 2595 1177 2602 ,

91 2617 284 2678 antecedente
305 2620 333 2676 in
355 2618 427 2678 cibis
448 2618 547 2677 caveri
568 2617 755 2692 ebrietatem,
779 2627 883 2696 postea
899 2627 1011 2696 sumpta
1028 2636 1090 2680 cra·

90 2701 189 2780 pnlam
209 2700 321 2760 discuti.
361 2701 437 2762 hunc
460 2701 553 2760 cibum
574 2711 603 2761 et
629 2701 778 2760 oculorum
806 2702 927 2763 claritati
953 2702 1133 2766 conterreat

48 2784 227 2860 ιοοιιιιιίῑιιιιι,
249 2802 349 2845 sucum
370 2802 442 2845 vero
465 2783 570 2844 crudae
592 2784 640 2844 vel
661 2784 774 2860 angulis
795 2793 902 2844 tantum
923 2788 1007 2845 tactis
1028 2791 1092 2845 cum

91 2868 190 2928 Attico
207 2867 294 2927 melle
309 2867 476 2946 plurumum.
507 2866 644 2928 iacillime
662 2867 816 2944 concoqui,
833 2867 958 2946 ciboque
974 2885 1010 2926 eo
1026 2865 1100 2928 scn·'

91 2970 144 3012 sus
159 2952 286 3030 purgari.
316 2951 482 3012 Erasistrati
499 2949 600 3016 schola
616 2950 718 3012 clamat
733 2948 802 3015 nihil
824 2968 891 3012 esse
910 2951 1008 3010 utilius
1031 2958 1090 3010 sto·

91 3033 197 3094 macho
218 3035 389 3113 nervisque,
410 3034 476 3093 ideo
498 3033 665 3113 paralyticis
686 3042 716 3094 et
736 3034 864 3094 tremulis
886 3034 947 3094 dari
967 3032 1049 3092 iubet
1062 3043 1093 3094 et

90 3118 261 3194 sanguinem
281 3115 510 3180 exscrcantibus.
539 3116 734 3195 Hippocrates
753 3117 892 3178 coeliacis
912 3125 942 3176 ct
965 3116 1090 3192 dysinte·
1098 3125 1133 3181 86

46 3221 78 3265 ss
90 3202 165 3262 ricis
177 3199 220 3260 bis
234 3210 345 3262 coctam
357 3218 421 3260 cum
433 3198 505 3276 sale,
521 3201 588 3260 item
600 3200 636 3260 ad
650 3210 801 3261 tenesmon
813 3210 843 3261 ct
853 3201 961 3260 renium
977 3218 1091 3277 causas,

93 3271 180 3345 lactis
196 3300 312 3382 quoquc
325 3285 486 3344 ubertatem
501 3285 654 3362 puerperis
669 3285 727 3344 hoc
742 3285 808 3344 cibo
829 3282 892 3344 fieri
913 3283 1041 3346 iudicans
1062 3293 1092 3344 et

93 3369 295 3446 purgationem
309 3367 431 3427 feminis.
461 3365 564 3426 crudus
579 3367 694 3446 quidem
712 3368 801 3428 caulis
815 3386 840 3426 si
833 3367 1009 3444 mandatur,
1025 3386 1091 3446 pur·

92 3459 141 3511 tus
158 3469 274 3531 quoquc
291 3459 437 3512 emortuos
453 3449 545 3528 pellit.
577 3450 1091 3530 Apollodorusadvorsusiungorum
