<?xml version="1.0" encoding="UTF-8"?>
<!DOCTYPE html PUBLIC "-//W3C//DTD XHTML 1.0 Transitional//EN"
    "http://www.w3.org/TR/xhtml1/DTD/xhtml1-transitional.dtd">
<html xmlns="http://www.w3.org/1999/xhtml" xml:lang="en" lang="en">
 <head>
  <title>
</title>
<meta http-equiv="Content-Type" content="text/html;charset=utf-8" />
  <meta name='ocr-system' content='tesseract 3.04.00' />
  <meta name='ocr-capabilities' content='ocr_page ocr_carea ocr_par ocr_line ocrx_word'/>
</head>
<body>
  <div class='ocr_page' id='page_1' title='image "./cplinisecundina23plingoog_0349.png"; bbox 0 0 2538 3864; ppageno 0'>
   <div class='ocr_carea' id='block_1_1' title="bbox 157 199 813 264">
    <p class='ocr_par' dir='ltr' id='par_1_1' title="bbox 157 199 813 264">
     <span class='ocr_line' id='line_1_1' title="bbox 157 199 813 264; baseline 0 -2"><span class='ocrx_word' id='word_1_1' title='bbox 157 199 218 264; x_wconf 78' lang='lat'><strong>292</strong></span> <span class='ocrx_word' id='word_1_2' title='bbox 507 213 537 263; x_wconf 88' lang='lat' dir='ltr'><strong>c.</strong></span> <span class='ocrx_word' id='word_1_3' title='bbox 555 211 813 264; x_wconf 76' lang='lat' dir='ltr'><strong>aarnrssccnur</strong></span> 
     </span>
    </p>
   </div>
   <div class='ocr_carea' id='block_1_2' title="bbox 29 368 1251 3535">
    <p class='ocr_par' dir='ltr' id='par_1_2' title="bbox 155 368 1251 766">
     <span class='ocr_line' id='line_1_2' title="bbox 157 368 1151 450; baseline 0.002 -18"><span class='ocrx_word' id='word_1_4' title='bbox 157 378 186 432; x_wconf 84' lang='lat' dir='ltr'><strong>et</strong></span> <span class='ocrx_word' id='word_1_5' title='bbox 199 368 300 428; x_wconf 90' lang='lat' dir='ltr'><strong>ulcera</strong></span> <span class='ocrx_word' id='word_1_6' title='bbox 314 375 411 444; x_wconf 90' lang='lat' dir='ltr'><strong>sanat,</strong></span> <span class='ocrx_word' id='word_1_7' title='bbox 434 368 502 428; x_wconf 87' lang='lat' dir='ltr'><strong>item</strong></span> <span class='ocrx_word' id='word_1_8' title='bbox 519 369 637 447; x_wconf 81' lang='lat' dir='ltr'>pusulas</span> <span class='ocrx_word' id='word_1_9' title='bbox 652 377 681 430; x_wconf 93' lang='lat' dir='ltr'><strong>et</strong></span> <span class='ocrx_word' id='word_1_10' title='bbox 692 370 851 431; x_wconf 83' lang='lat' dir='ltr'><strong>ductiones</strong></span> <span class='ocrx_word' id='word_1_11' title='bbox 866 372 1023 449; x_wconf 85' lang='lat' dir='ltr'><strong>sanguinis.</strong></span> <span class='ocrx_word' id='word_1_12' title='bbox 1059 388 1151 450; x_wconf 84' lang='lat' dir='ltr'><strong>genas</strong></span> 
     </span>
     <span class='ocr_line' id='line_1_3' title="bbox 155 451 1149 532; baseline 0.003 -19"><span class='ocrx_word' id='word_1_13' title='bbox 155 453 241 513; x_wconf 92' lang='lat' dir='ltr'><strong>duras</strong></span> <span class='ocrx_word' id='word_1_14' title='bbox 257 451 375 512; x_wconf 67' lang='lat' dir='ltr'><strong>emollit.</strong></span> <span class='ocrx_word' id='word_1_15' title='bbox 405 451 487 511; x_wconf 87' lang='lat' dir='ltr'><strong>datur</strong></span> <span class='ocrx_word' id='word_1_16' title='bbox 509 471 572 513; x_wconf 91' lang='lat' dir='ltr'><strong>curn</strong></span> <span class='ocrx_word' id='word_1_17' title='bbox 587 470 643 513; x_wconf 95' lang='lat' dir='ltr'><strong>ovo</strong></span> <span class='ocrx_word' id='word_1_18' title='bbox 666 453 712 514; x_wconf 87' lang='lat' dir='ltr'><strong>lris</strong></span> <span class='ocrx_word' id='word_1_19' title='bbox 732 455 780 532; x_wconf 92' lang='lat' dir='ltr'><strong>qui</strong></span> <span class='ocrx_word' id='word_1_20' title='bbox 801 455 967 531; x_wconf 89' lang='lat' dir='ltr'><strong>sanguinem</strong></span> <span class='ocrx_word' id='word_1_21' title='bbox 985 457 1149 532; x_wconf 88' lang='lat' dir='ltr'><strong>reieceriat,</strong></span> 
     </span>
     <span class='ocr_line' id='line_1_4' title="bbox 155 534 1150 617; baseline 0.004 -23"><span class='ocrx_word' id='word_1_22' title='bbox 155 537 183 595; x_wconf 91' lang='lat' dir='ltr'><strong>in</strong></span> <span class='ocrx_word' id='word_1_23' title='bbox 197 537 314 595; x_wconf 89' lang='lat' dir='ltr'><strong>vesicae</strong></span> <span class='ocrx_word' id='word_1_24' title='bbox 330 551 401 595; x_wconf 88' lang='lat' dir='ltr'><strong>vero</strong></span> <span class='ocrx_word' id='word_1_25' title='bbox 420 534 522 596; x_wconf 92' lang='lat' dir='ltr'><strong>dolore</strong></span> <span class='ocrx_word' id='word_1_26' title='bbox 546 537 691 596; x_wconf 76' lang='lat' dir='ltr'>semuncia</span> <span class='ocrx_word' id='word_1_27' title='bbox 709 536 795 612; x_wconf 74' lang='lat' dir='ltr'><strong>amyli</strong></span> <span class='ocrx_word' id='word_1_28' title='bbox 809 555 872 598; x_wconf 90' lang='lat' dir='ltr'><strong>cum</strong></span> <span class='ocrx_word' id='word_1_29' title='bbox 887 553 944 598; x_wconf 87' lang='lat' dir='ltr'><strong>ovo</strong></span> <span class='ocrx_word' id='word_1_30' title='bbox 960 548 988 599; x_wconf 91' lang='lat' dir='ltr'><strong>et</strong></span> <span class='ocrx_word' id='word_1_31' title='bbox 1008 541 1087 617; x_wconf 88' lang='lat' dir='ltr'><strong>passi</strong></span> <span class='ocrx_word' id='word_1_32' title='bbox 1102 540 1150 600; x_wconf 92' lang='lat' dir='ltr'><strong>tri·</strong></span> 
     </span>
     <span class='ocr_line' id='line_1_5' title="bbox 155 619 1251 699; baseline 0.005 -20"><span class='ocrx_word' id='word_1_33' title='bbox 155 619 208 679; x_wconf 92' lang='lat' dir='ltr'><strong>bus</strong></span> <span class='ocrx_word' id='word_1_34' title='bbox 223 621 287 678; x_wconf 89' lang='lat' dir='ltr'><strong>ovis</strong></span> <span class='ocrx_word' id='word_1_35' title='bbox 300 619 516 679; x_wconf 81' lang='lat' dir='ltr'><strong>subfervefacta</strong></span> <span class='ocrx_word' id='word_1_36' title='bbox 529 637 545 679; x_wconf 89' lang='lat' dir='ltr'><strong>a</strong></span> <span class='ocrx_word' id='word_1_37' title='bbox 561 619 687 681; x_wconf 88' lang='lat' dir='ltr'><strong>balineo.</strong></span> <span class='ocrx_word' id='word_1_38' title='bbox 717 622 822 699; x_wconf 89' lang='lat' dir='ltr'><strong>quiuet</strong></span> <span class='ocrx_word' id='word_1_39' title='bbox 835 639 981 682; x_wconf 88' lang='lat' dir='ltr'><strong>avenacea</strong></span> <span class='ocrx_word' id='word_1_40' title='bbox 996 623 1086 684; x_wconf 85' lang='lat' dir='ltr'><strong>farina</strong></span> <span class='ocrx_word' id='word_1_41' title='bbox 1101 623 1150 684; x_wconf 86' lang='lat' dir='ltr'><strong>de·</strong></span> <span class='ocrx_word' id='word_1_42' title='bbox 1250 695 1251 698; x_wconf 8' lang='grc' dir='ltr'><strong>Ἴ</strong></span> 
     </span>
     <span class='ocr_line' id='line_1_6' title="bbox 156 702 1174 766; baseline 0.003 -3"><span class='ocrx_word' id='word_1_43' title='bbox 156 711 239 763; x_wconf 88' lang='lat' dir='ltr'><strong>cocta</strong></span> <span class='ocrx_word' id='word_1_44' title='bbox 254 704 282 761; x_wconf 90' lang='lat' dir='ltr'><strong>iu</strong></span> <span class='ocrx_word' id='word_1_45' title='bbox 296 709 382 763; x_wconf 91' lang='lat' dir='ltr'><strong>aceto</strong></span> <span class='ocrx_word' id='word_1_46' title='bbox 397 718 507 762; x_wconf 81' lang='lat' dir='ltr'><strong>naevos</strong></span> <span class='ocrx_word' id='word_1_47' title='bbox 521 702 606 762; x_wconf 91' lang='lat' dir='ltr'><strong>tollit.</strong></span> <span class='ocrx_word' id='word_1_48' title='bbox 817 733 819 738; x_wconf 95' lang='lat'>·</span> <span class='ocrx_word' id='word_1_49' title='bbox 924 718 933 728; x_wconf 90' lang='grc'><strong>··</strong></span> <span class='ocrx_word' id='word_1_50' title='bbox 1161 727 1174 766; x_wconf 86' lang='lat' dir='ltr'><strong>s</strong></span> 
     </span>
    </p>

    <p class='ocr_par' dir='ltr' id='par_1_3' title="bbox 113 784 1189 1446">
     <span class='ocr_line' id='line_1_7' title="bbox 113 784 1151 867; baseline -0.003 -15"><span class='ocrx_word' id='word_1_51' title='bbox 113 795 164 852; x_wconf 82' lang='grc'><strong>138</strong></span> <span class='ocrx_word' id='word_1_52' title='bbox 228 784 312 865; x_wconf 89' lang='grc'><strong>(68.)</strong></span> <span class='ocrx_word' id='word_1_53' title='bbox 328 785 418 846; x_wconf 69' lang='lat' dir='ltr'><strong>=Panis</strong></span> <span class='ocrx_word' id='word_1_54' title='bbox 433 785 480 846; x_wconf 88' lang='lat' dir='ltr'><strong>hic</strong></span> <span class='ocrx_word' id='word_1_55' title='bbox 497 786 561 864; x_wconf 88' lang='lat' dir='ltr'><strong>ipse</strong></span> <span class='ocrx_word' id='word_1_56' title='bbox 583 801 640 864; x_wconf 94' lang='lat' dir='ltr'><strong>quo</strong></span> <span class='ocrx_word' id='word_1_57' title='bbox 654 786 761 846; x_wconf 89' lang='lat' dir='ltr'><strong>vivitur</strong></span> <span class='ocrx_word' id='word_1_58' title='bbox 773 789 934 848; x_wconf 89' lang='lat' dir='ltr'><strong>innumeras</strong></span> <span class='ocrx_word' id='word_1_59' title='bbox 951 805 1045 867; x_wconf 84' lang='lat' dir='ltr'><strong>paene</strong></span> <span class='ocrx_word' id='word_1_60' title='bbox 1061 792 1151 850; x_wconf 90' lang='lat' dir='ltr'><strong>conti·</strong></span> 
     </span>
     <span class='ocr_line' id='line_1_8' title="bbox 153 869 1151 948; baseline 0.002 -18"><span class='ocrx_word' id='word_1_61' title='bbox 153 879 202 930; x_wconf 92' lang='lat' dir='ltr'><strong>net</strong></span> <span class='ocrx_word' id='word_1_62' title='bbox 215 869 381 931; x_wconf 74' lang='lat' dir='ltr'><strong>medicinas.</strong></span> <span class='ocrx_word' id='word_1_63' title='bbox 410 886 448 930; x_wconf 83' lang='lat' dir='ltr'><strong>ex</strong></span> <span class='ocrx_word' id='word_1_64' title='bbox 462 887 535 948; x_wconf 90' lang='lat' dir='ltr'><strong>aqua</strong></span> <span class='ocrx_word' id='word_1_65' title='bbox 551 879 580 929; x_wconf 94' lang='lat' dir='ltr'><strong>et</strong></span> <span class='ocrx_word' id='word_1_66' title='bbox 595 870 663 929; x_wconf 93' lang='lat' dir='ltr'><strong>oleo</strong></span> <span class='ocrx_word' id='word_1_67' title='bbox 680 876 728 930; x_wconf 90' lang='lat' dir='ltr'><strong>aut</strong></span> <span class='ocrx_word' id='word_1_68' title='bbox 743 887 867 932; x_wconf 89' lang='lat' dir='ltr'><strong>rosaceo</strong></span> <span class='ocrx_word' id='word_1_69' title='bbox 886 871 979 932; x_wconf 88' lang='lat' dir='ltr'><strong>mollit</strong></span> <span class='ocrx_word' id='word_1_70' title='bbox 1001 873 1151 933; x_wconf 89' lang='lat' dir='ltr'><strong>collectio·</strong></span> 
     </span>
     <span class='ocr_line' id='line_1_9' title="bbox 153 952 1153 1032; baseline 0.003 -19"><span class='ocrx_word' id='word_1_71' title='bbox 153 971 223 1030; x_wconf 85' lang='lat' dir='ltr'><strong>nes,</strong></span> <span class='ocrx_word' id='word_1_72' title='bbox 249 969 287 1013; x_wconf 84' lang='lat' dir='ltr'><strong>ex</strong></span> <span class='ocrx_word' id='word_1_73' title='bbox 307 970 382 1032; x_wconf 88' lang='lat' dir='ltr'><strong>aqua</strong></span> <span class='ocrx_word' id='word_1_74' title='bbox 396 952 487 1012; x_wconf 91' lang='lat' dir='ltr'><strong>mulsa</strong></span> <span class='ocrx_word' id='word_1_75' title='bbox 503 954 620 1014; x_wconf 81' lang='lat' dir='ltr'><strong>duritias</strong></span> <span class='ocrx_word' id='word_1_76' title='bbox 633 953 719 1014; x_wconf 88' lang='lat' dir='ltr'><strong>vaide</strong></span> <span class='ocrx_word' id='word_1_77' title='bbox 736 954 854 1032; x_wconf 87' lang='lat' dir='ltr'><strong>mitigat.</strong></span> <span class='ocrx_word' id='word_1_78' title='bbox 887 955 970 1016; x_wconf 89' lang='lat' dir='ltr'><strong>datur</strong></span> <span class='ocrx_word' id='word_1_79' title='bbox 984 975 1021 1017; x_wconf 85' lang='lat' dir='ltr'><strong>ex</strong></span> <span class='ocrx_word' id='word_1_80' title='bbox 1034 957 1101 1016; x_wconf 89' lang='lat' dir='ltr'><strong>vinc</strong></span> <span class='ocrx_word' id='word_1_81' title='bbox 1117 955 1153 1016; x_wconf 90' lang='lat' dir='ltr'><strong>ad</strong></span> 
     </span>
     <span class='ocr_line' id='line_1_10' title="bbox 153 1036 1152 1117; baseline 0.001 -19"><span class='ocrx_word' id='word_1_82' title='bbox 153 1036 332 1098; x_wconf 86' lang='lat' dir='ltr'><strong>discutienda</strong></span> <span class='ocrx_word' id='word_1_83' title='bbox 346 1045 395 1097; x_wconf 88' lang='lat' dir='ltr'><strong>aut</strong></span> <span class='ocrx_word' id='word_1_84' title='bbox 413 1053 487 1114; x_wconf 88' lang='lat' dir='ltr'><strong>quac</strong></span> <span class='ocrx_word' id='word_1_85' title='bbox 502 1038 674 1116; x_wconf 77' lang='lat' dir='ltr'><strong>praestringi</strong></span> <span class='ocrx_word' id='word_1_86' title='bbox 689 1055 762 1116; x_wconf 88' lang='lat' dir='ltr'><strong>opus</strong></span> <span class='ocrx_word' id='word_1_87' title='bbox 778 1040 815 1098; x_wconf 88' lang='lat' dir='ltr'><strong>sit</strong></span> <span class='ocrx_word' id='word_1_88' title='bbox 835 1046 880 1116; x_wconf 89' lang='lat' dir='ltr'><strong>et,</strong></span> <span class='ocrx_word' id='word_1_89' title='bbox 901 1041 926 1098; x_wconf 87' lang='lat' dir='ltr'><strong>si</strong></span> <span class='ocrx_word' id='word_1_90' title='bbox 947 1041 1038 1117; x_wconf 88' lang='lat' dir='ltr'><strong>magis</strong></span> <span class='ocrx_word' id='word_1_91' title='bbox 1054 1043 1152 1101; x_wconf 78' lang='lat' dir='ltr'><strong>edam·</strong></span> 
     </span>
     <span class='ocr_line' id='line_1_11' title="bbox 154 1119 1189 1202; baseline -0.004 -21"><span class='ocrx_word' id='word_1_92' title='bbox 154 1137 236 1198; x_wconf 87' lang='lat' dir='ltr'><strong>uum,</strong></span> <span class='ocrx_word' id='word_1_93' title='bbox 263 1131 301 1180; x_wconf 79' lang='lat' dir='ltr'><strong>ex</strong></span> <span class='ocrx_word' id='word_1_94' title='bbox 326 1127 428 1196; x_wconf 89' lang='lat' dir='ltr'><strong>aceto,</strong></span> <span class='ocrx_word' id='word_1_95' title='bbox 453 1119 593 1185; x_wconf 88' lang='lat' dir='ltr'><strong>adversus</strong></span> <span class='ocrx_word' id='word_1_96' title='bbox 621 1130 719 1181; x_wconf 92' lang='lat' dir='ltr'><strong>acutas</strong></span> <span class='ocrx_word' id='word_1_97' title='bbox 743 1123 862 1200; x_wconf 90' lang='lat' dir='ltr'><strong>pituitae</strong></span> <span class='ocrx_word' id='word_1_98' title='bbox 884 1121 1053 1199; x_wconf 88' lang='lat' dir='ltr'><strong>ductiones,</strong></span> <span class='ocrx_word' id='word_1_99' title='bbox 1081 1137 1189 1202; x_wconf 75' lang='lat' dir='ltr'><strong>quasso</strong></span> 
     </span>
     <span class='ocr_line' id='line_1_12' title="bbox 155 1203 1155 1284; baseline -0.002 -18"><span class='ocrx_word' id='word_1_100' title='bbox 155 1204 259 1266; x_wconf 80' lang='lat' dir='ltr'><strong>Graeci</strong></span> <span class='ocrx_word' id='word_1_101' title='bbox 277 1203 497 1264; x_wconf 72' lang='lat' dir='ltr'><strong>rheumatismos</strong></span> <span class='ocrx_word' id='word_1_102' title='bbox 510 1214 631 1281; x_wconf 90' lang='lat' dir='ltr'><strong>vocant,</strong></span> <span class='ocrx_word' id='word_1_103' title='bbox 656 1207 725 1265; x_wconf 86' lang='lat' dir='ltr'><strong>item</strong></span> <span class='ocrx_word' id='word_1_104' title='bbox 745 1205 781 1266; x_wconf 88' lang='lat' dir='ltr'><strong>ad</strong></span> <span class='ocrx_word' id='word_1_105' title='bbox 801 1220 959 1284; x_wconf 84' lang='lat' dir='ltr'><strong>percussa,</strong></span> <span class='ocrx_word' id='word_1_106' title='bbox 982 1207 1088 1266; x_wconf 87' lang='lat' dir='ltr'><strong>luxata.</strong></span> <span class='ocrx_word' id='word_1_107' title='bbox 1118 1204 1155 1266; x_wconf 91' lang='lat' dir='ltr'><strong>ad</strong></span> 
     </span>
     <span class='ocr_line' id='line_1_13' title="bbox 155 1285 1153 1364; baseline -0.001 -15"><span class='ocrx_word' id='word_1_108' title='bbox 155 1289 248 1349; x_wconf 87' lang='lat' dir='ltr'><strong>omnia</strong></span> <span class='ocrx_word' id='word_1_109' title='bbox 264 1293 358 1346; x_wconf 90' lang='lat' dir='ltr'><strong>autern</strong></span> <span class='ocrx_word' id='word_1_110' title='bbox 372 1285 575 1363; x_wconf 85' lang='lat' dir='ltr'><strong>fermentatus,</strong></span> <span class='ocrx_word' id='word_1_111' title='bbox 591 1290 639 1364; x_wconf 93' lang='lat' dir='ltr'><strong>qui</strong></span> <span class='ocrx_word' id='word_1_112' title='bbox 652 1293 771 1356; x_wconf 86' lang='lat' dir='ltr'><strong>vocatur</strong></span> <span class='ocrx_word' id='word_1_113' title='bbox 787 1297 961 1364; x_wconf 74' lang='lat' dir='ltr'><strong>autopyrus,</strong></span> <span class='ocrx_word' id='word_1_114' title='bbox 978 1289 1085 1349; x_wconf 89' lang='lat' dir='ltr'><strong>utilior.</strong></span> <span class='ocrx_word' id='word_1_115' title='bbox 1112 1289 1153 1348; x_wconf 91' lang='lat' dir='ltr'><strong>in·</strong></span> 
     </span>
     <span class='ocr_line' id='line_1_14' title="bbox 154 1367 1153 1446; baseline -0.002 -13"><span class='ocrx_word' id='word_1_116' title='bbox 154 1372 249 1433; x_wconf 78' lang='lat' dir='ltr'><strong>untur</strong></span> <span class='ocrx_word' id='word_1_117' title='bbox 263 1377 293 1428; x_wconf 87' lang='lat' dir='ltr'><strong>et</strong></span> <span class='ocrx_word' id='word_1_118' title='bbox 306 1367 491 1446; x_wconf 74' lang='lat' dir='ltr'><strong>paronychiis</strong></span> <span class='ocrx_word' id='word_1_119' title='bbox 511 1377 540 1427; x_wconf 91' lang='lat' dir='ltr'><strong>et</strong></span> <span class='ocrx_word' id='word_1_120' title='bbox 555 1369 630 1428; x_wconf 88' lang='lat' dir='ltr'><strong>callo</strong></span> <span class='ocrx_word' id='word_1_121' title='bbox 645 1370 750 1446; x_wconf 88' lang='lat' dir='ltr'><strong>pedum</strong></span> <span class='ocrx_word' id='word_1_122' title='bbox 762 1371 791 1426; x_wconf 90' lang='lat' dir='ltr'><strong>in</strong></span> <span class='ocrx_word' id='word_1_123' title='bbox 805 1379 898 1428; x_wconf 90' lang='lat' dir='ltr'><strong>aceto.</strong></span> <span class='ocrx_word' id='word_1_124' title='bbox 924 1379 1009 1430; x_wconf 91' lang='lat' dir='ltr'><strong>vetus</strong></span> <span class='ocrx_word' id='word_1_125' title='bbox 1026 1381 1075 1431; x_wconf 91' lang='lat' dir='ltr'><strong>aut</strong></span> <span class='ocrx_word' id='word_1_126' title='bbox 1085 1389 1153 1432; x_wconf 92' lang='lat' dir='ltr'><strong>nau·</strong></span> 
     </span>
    </p>

    <p class='ocr_par' dir='ltr' id='par_1_4' title="bbox 113 1450 1251 1624">
     <span class='ocr_line' id='line_1_15' title="bbox 113 1450 1154 1532; baseline 0.002 -19"><span class='ocrx_word' id='word_1_127' title='bbox 113 1465 163 1520; x_wconf 80' lang='lat'><strong>139</strong></span> <span class='ocrx_word' id='word_1_128' title='bbox 172 1457 244 1514; x_wconf 86' lang='lat' dir='ltr'><strong>ticos</strong></span> <span class='ocrx_word' id='word_1_129' title='bbox 265 1453 347 1532; x_wconf 90' lang='lat' dir='ltr'><strong>panis</strong></span> <span class='ocrx_word' id='word_1_130' title='bbox 367 1460 466 1511; x_wconf 92' lang='lat' dir='ltr'><strong>tunsus</strong></span> <span class='ocrx_word' id='word_1_131' title='bbox 489 1457 576 1528; x_wconf 91' lang='lat' dir='ltr'><strong>atque</strong></span> <span class='ocrx_word' id='word_1_132' title='bbox 594 1452 697 1510; x_wconf 88' lang='lat' dir='ltr'><strong>iterum</strong></span> <span class='ocrx_word' id='word_1_133' title='bbox 717 1458 820 1510; x_wconf 88' lang='lat' dir='ltr'><strong>coctus</strong></span> <span class='ocrx_word' id='word_1_134' title='bbox 840 1450 915 1512; x_wconf 86' lang='lat' dir='ltr'><strong>sistit</strong></span> <span class='ocrx_word' id='word_1_135' title='bbox 929 1453 1034 1513; x_wconf 84' lang='lat' dir='ltr'><strong>alvom.</strong></span> <span class='ocrx_word' id='word_1_136' title='bbox 1070 1456 1154 1515; x_wconf 90' lang='lat' dir='ltr'><strong>vocis</strong></span> 
     </span>
     <span class='ocr_line' id='line_1_16' title="bbox 153 1508 1251 1624; baseline -0.005 -26"><span class='ocrx_word' id='word_1_137' title='bbox 153 1537 290 1599; x_wconf 87' lang='lat' dir='ltr'><strong>studiosis</strong></span> <span class='ocrx_word' id='word_1_138' title='bbox 306 1545 336 1596; x_wconf 91' lang='lat' dir='ltr'><strong>et</strong></span> <span class='ocrx_word' id='word_1_139' title='bbox 351 1541 451 1596; x_wconf 88' lang='lat' dir='ltr'><strong>contra</strong></span> <span class='ocrx_word' id='word_1_140' title='bbox 467 1533 675 1594; x_wconf 86' lang='lat' dir='ltr'><strong>destillationes</strong></span> <span class='ocrx_word' id='word_1_141' title='bbox 690 1535 798 1594; x_wconf 89' lang='lat' dir='ltr'><strong>siccum</strong></span> <span class='ocrx_word' id='word_1_142' title='bbox 817 1551 884 1595; x_wconf 87' lang='lat' dir='ltr'><strong>esse</strong></span> <span class='ocrx_word' id='word_1_143' title='bbox 899 1537 993 1615; x_wconf 89' lang='lat' dir='ltr'><strong>primo</strong></span> <span class='ocrx_word' id='word_1_144' title='bbox 1017 1537 1082 1598; x_wconf 91' lang='lat' dir='ltr'><strong>cibo</strong></span> <span class='ocrx_word' id='word_1_145' title='bbox 1100 1541 1189 1598; x_wconf 79' lang='lat' dir='ltr'><strong>uti-1⁵</strong></span> <span class='ocrx_word' id='word_1_146' title='bbox 1240 1508 1251 1624; x_wconf 56' lang='grc' dir='ltr'>ι</span> 
     </span>
    </p>

    <p class='ocr_par' dir='ltr' id='par_1_5' title="bbox 118 1617 1251 2115">
     <span class='ocr_line' id='line_1_17' title="bbox 118 1617 1248 1696; baseline -0.003 -13"><span class='ocrx_word' id='word_1_147' title='bbox 118 1650 125 1666; x_wconf 83' lang='grc'><em>·</em></span> <span class='ocrx_word' id='word_1_148' title='bbox 155 1622 293 1683; x_wconf 89' lang='lat' dir='ltr'><strong>lissimum</strong></span> <span class='ocrx_word' id='word_1_149' title='bbox 316 1630 370 1680; x_wconf 87' lang='lat' dir='ltr'><strong>est.</strong></span> <span class='ocrx_word' id='word_1_150' title='bbox 403 1619 537 1694; x_wconf 89' lang='lat' dir='ltr'><strong>sitanius,</strong></span> <span class='ocrx_word' id='word_1_151' title='bbox 555 1617 613 1678; x_wconf 86' lang='lat' dir='ltr'><strong>hoc</strong></span> <span class='ocrx_word' id='word_1_152' title='bbox 631 1627 677 1678; x_wconf 89' lang='lat' dir='ltr'><strong>est</strong></span> <span class='ocrx_word' id='word_1_153' title='bbox 699 1635 716 1679; x_wconf 92' lang='lat' dir='ltr'><strong>e</strong></span> <span class='ocrx_word' id='word_1_154' title='bbox 732 1619 884 1696; x_wconf 88' lang='lat' dir='ltr'><strong>trimestri,</strong></span> <span class='ocrx_word' id='word_1_155' title='bbox 902 1621 1019 1683; x_wconf 86' lang='lat' dir='ltr'><strong>incussa</strong></span> <span class='ocrx_word' id='word_1_156' title='bbox 1033 1623 1062 1681; x_wconf 90' lang='lat' dir='ltr'><strong>in</strong></span> <span class='ocrx_word' id='word_1_157' title='bbox 1076 1622 1153 1682; x_wconf 88' lang='lat' dir='ltr'><strong>iacie</strong></span> <span class='ocrx_word' id='word_1_158' title='bbox 1239 1626 1248 1671; x_wconf 81' lang='lat' dir='ltr'><strong>t</strong></span> 
     </span>
     <span class='ocr_line' id='line_1_18' title="bbox 156 1701 1251 1782; baseline -0.002 -16"><span class='ocrx_word' id='word_1_159' title='bbox 156 1715 203 1766; x_wconf 90' lang='lat' dir='ltr'><strong>aut</strong></span> <span class='ocrx_word' id='word_1_160' title='bbox 219 1705 404 1782; x_wconf 88' lang='lat' dir='ltr'><strong>desquamata</strong></span> <span class='ocrx_word' id='word_1_161' title='bbox 425 1712 488 1762; x_wconf 87' lang='lat' dir='ltr'><strong>curn</strong></span> <span class='ocrx_word' id='word_1_162' title='bbox 506 1701 593 1763; x_wconf 91' lang='lat' dir='ltr'><strong>melle</strong></span> <span class='ocrx_word' id='word_1_163' title='bbox 615 1702 761 1781; x_wconf 84' lang='lat' dir='ltr'><strong>aptissime</strong></span> <span class='ocrx_word' id='word_1_164' title='bbox 777 1711 866 1763; x_wconf 89' lang='lat' dir='ltr'><strong>curat.</strong></span> <span class='ocrx_word' id='word_1_165' title='bbox 903 1704 1040 1765; x_wconf 88' lang='lat' dir='ltr'><strong>candidus</strong></span> <span class='ocrx_word' id='word_1_166' title='bbox 1055 1707 1153 1782; x_wconf 83' lang='lat' dir='ltr'><strong>aegris</strong></span> <span class='ocrx_word' id='word_1_167' title='bbox 1250 1727 1251 1778; x_wconf 86' lang='lat' dir='ltr'><strong>i</strong></span> 
     </span>
     <span class='ocr_line' id='line_1_19' title="bbox 157 1785 1251 1876; baseline -0.003 -26"><span class='ocrx_word' id='word_1_168' title='bbox 157 1805 230 1868; x_wconf 87' lang='lat' dir='ltr'><strong>aqua</strong></span> <span class='ocrx_word' id='word_1_169' title='bbox 245 1787 338 1849; x_wconf 90' lang='lat' dir='ltr'><strong>calida</strong></span> <span class='ocrx_word' id='word_1_170' title='bbox 353 1787 496 1864; x_wconf 82' lang='lat' dir='ltr'><strong>frigidave</strong></span> <span class='ocrx_word' id='word_1_171' title='bbox 510 1785 687 1845; x_wconf 79' lang='lat' dir='ltr'><strong>madefactus</strong></span> <span class='ocrx_word' id='word_1_172' title='bbox 707 1785 883 1846; x_wconf 84' lang='lat' dir='ltr'><strong>levissimum</strong></span> <span class='ocrx_word' id='word_1_173' title='bbox 902 1788 997 1848; x_wconf 88' lang='lat' dir='ltr'><strong>cibum</strong></span> <span class='ocrx_word' id='word_1_174' title='bbox 1019 1789 1150 1868; x_wconf 89' lang='lat' dir='ltr'><strong>praebet.</strong></span> <span class='ocrx_word' id='word_1_175' title='bbox 1250 1789 1251 1876; x_wconf 68' lang='lat' dir='ltr'><strong>l</strong></span> 
     </span>
     <span class='ocr_line' id='line_1_20' title="bbox 156 1867 1153 1952; baseline -0.003 -19"><span class='ocrx_word' id='word_1_176' title='bbox 156 1872 305 1934; x_wconf 87' lang='lat' dir='ltr'><strong>oculorum</strong></span> <span class='ocrx_word' id='word_1_177' title='bbox 319 1871 422 1931; x_wconf 82' lang='lat' dir='ltr'><strong>turmori</strong></span> <span class='ocrx_word' id='word_1_178' title='bbox 437 1867 475 1929; x_wconf 80' lang='lat' dir='ltr'><strong>eir</strong></span> <span class='ocrx_word' id='word_1_179' title='bbox 490 1869 556 1928; x_wconf 91' lang='lat' dir='ltr'><strong>vino</strong></span> <span class='ocrx_word' id='word_1_180' title='bbox 571 1869 730 1949; x_wconf 81' lang='lat' dir='ltr'><strong>inponitur,</strong></span> <span class='ocrx_word' id='word_1_181' title='bbox 753 1871 796 1929; x_wconf 86' lang='lat' dir='ltr'><strong>sie</strong></span> <span class='ocrx_word' id='word_1_182' title='bbox 813 1878 843 1930; x_wconf 89' lang='lat' dir='ltr'><strong>et</strong></span> <span class='ocrx_word' id='word_1_183' title='bbox 862 1871 1091 1952; x_wconf 86' lang='lat' dir='ltr'><strong>pusuliscapitis</strong></span> <span class='ocrx_word' id='word_1_184' title='bbox 1104 1880 1153 1931; x_wconf 90' lang='lat' dir='ltr'><strong>aut</strong></span> 
     </span>
     <span class='ocr_line' id='line_1_21' title="bbox 157 1952 1190 2042; baseline -0.003 -25"><span class='ocrx_word' id='word_1_185' title='bbox 157 1957 272 2042; x_wconf 66' lang='lat' dir='ltr'><strong>adiectq</strong></span> <span class='ocrx_word' id='word_1_186' title='bbox 289 1954 368 2014; x_wconf 89' lang='lat' dir='ltr'><strong>arida</strong></span> <span class='ocrx_word' id='word_1_187' title='bbox 387 1963 492 2028; x_wconf 72' lang='lat' dir='ltr'><strong>myrto.</strong></span> <span class='ocrx_word' id='word_1_188' title='bbox 537 1952 665 2013; x_wconf 85' lang='lat' dir='ltr'><strong>tremulis</strong></span> <span class='ocrx_word' id='word_1_189' title='bbox 684 1967 788 2032; x_wconf 87' lang='lat' dir='ltr'><strong>panem</strong></span> <span class='ocrx_word' id='word_1_190' title='bbox 809 1971 846 2012; x_wconf 83' lang='lat' dir='ltr'><strong>ex</strong></span> <span class='ocrx_word' id='word_1_191' title='bbox 867 1971 941 2034; x_wconf 89' lang='lat' dir='ltr'><strong>aqua</strong></span> <span class='ocrx_word' id='word_1_192' title='bbox 961 1973 1030 2016; x_wconf 88' lang='lat' dir='ltr'><strong>esse</strong></span> <span class='ocrx_word' id='word_1_193' title='bbox 1050 1955 1190 2015; x_wconf 86' lang='lat' dir='ltr'><strong>ieiunisao</strong></span> 
     </span>
     <span class='ocr_line' id='line_1_22' title="bbox 156 2036 1197 2115; baseline -0.001 -16"><span class='ocrx_word' id='word_1_194' title='bbox 156 2040 249 2099; x_wconf 89' lang='lat' dir='ltr'><strong>statim</strong></span> <span class='ocrx_word' id='word_1_195' title='bbox 266 2057 283 2098; x_wconf 90' lang='lat' dir='ltr'><strong>a</strong></span> <span class='ocrx_word' id='word_1_196' title='bbox 298 2037 419 2098; x_wconf 86' lang='lat' dir='ltr'><strong>balineis</strong></span> <span class='ocrx_word' id='word_1_197' title='bbox 434 2036 638 2097; x_wconf 87' lang='lat' dir='ltr'><strong>demonstrant.</strong></span> <span class='ocrx_word' id='word_1_198' title='bbox 676 2039 743 2115; x_wconf 90' lang='lat' dir='ltr'><strong>quin</strong></span> <span class='ocrx_word' id='word_1_199' title='bbox 761 2045 791 2096; x_wconf 90' lang='lat' dir='ltr'><strong>et</strong></span> <span class='ocrx_word' id='word_1_200' title='bbox 804 2039 975 2114; x_wconf 88' lang='lat' dir='ltr'><strong>gravitatem</strong></span> <span class='ocrx_word' id='word_1_201' title='bbox 991 2038 1154 2099; x_wconf 81' lang='lat' dir='ltr'><strong>odorum&#39;in</strong></span> <span class='ocrx_word' id='word_1_202' title='bbox 1189 2079 1197 2098; x_wconf 45' lang='lat' dir='ltr'><strong>r</strong></span> 
     </span>
    </p>

    <p class='ocr_par' dir='ltr' id='par_1_6' title="bbox 83 2119 951 2201">
     <span class='ocr_line' id='line_1_23' title="bbox 83 2119 951 2201; baseline -0.001 -19"><span class='ocrx_word' id='word_1_203' title='bbox 83 2164 86 2170; x_wconf 84' lang='lat'>·</span> <span class='ocrx_word' id='word_1_204' title='bbox 157 2121 295 2182; x_wconf 90' lang='lat' dir='ltr'><strong>cubiculis</strong></span> <span class='ocrx_word' id='word_1_205' title='bbox 311 2129 390 2181; x_wconf 91' lang='lat' dir='ltr'><strong>ustus</strong></span> <span class='ocrx_word' id='word_1_206' title='bbox 408 2119 538 2180; x_wconf 87' lang='lat' dir='ltr'><strong>emendat</strong></span> <span class='ocrx_word' id='word_1_207' title='bbox 553 2121 655 2201; x_wconf 87' lang='lat' dir='ltr'><strong>etvini</strong></span> <span class='ocrx_word' id='word_1_208' title='bbox 667 2122 696 2180; x_wconf 90' lang='lat' dir='ltr'><strong>in</strong></span> <span class='ocrx_word' id='word_1_209' title='bbox 710 2136 814 2180; x_wconf 89' lang='lat' dir='ltr'><strong>saccos</strong></span> <span class='ocrx_word' id='word_1_210' title='bbox 830 2121 951 2181; x_wconf 88' lang='lat' dir='ltr'><strong>additus.</strong></span> 
     </span>
    </p>

    <p class='ocr_par' dir='ltr' id='par_1_7' title="bbox 115 2203 1249 2618">
     <span class='ocr_line' id='line_1_24' title="bbox 115 2203 1153 2285; baseline -0.007 -15"><span class='ocrx_word' id='word_1_211' title='bbox 115 2217 166 2270; x_wconf 78' lang='lat'><strong>140</strong></span> <span class='ocrx_word' id='word_1_212' title='bbox 230 2205 314 2285; x_wconf 85' lang='lat'>(69.)</span> <span class='ocrx_word' id='word_1_213' title='bbox 335 2204 372 2265; x_wconf 84' lang='lat' dir='ltr'><strong>Et</strong></span> <span class='ocrx_word' id='word_1_214' title='bbox 390 2203 456 2264; x_wconf 89' lang='lat' dir='ltr'><strong>iaba</strong></span> <span class='ocrx_word' id='word_1_215' title='bbox 473 2203 634 2264; x_wconf 84' lang='lat' dir='ltr'><strong>auxiliatur.</strong></span> <span class='ocrx_word' id='word_1_216' title='bbox 664 2219 785 2281; x_wconf 88' lang='lat' dir='ltr'><strong>namque</strong></span> <span class='ocrx_word' id='word_1_217' title='bbox 806 2204 901 2264; x_wconf 90' lang='lat' dir='ltr'><strong>solida</strong></span> <span class='ocrx_word' id='word_1_218' title='bbox 915 2204 999 2265; x_wconf 86' lang='lat' dir='ltr'><strong>fricta</strong></span> <span class='ocrx_word' id='word_1_219' title='bbox 1019 2204 1153 2264; x_wconf 87' lang='lat' dir='ltr'><strong>iervons·</strong></span> 
     </span>
     <span class='ocr_line' id='line_1_25' title="bbox 156 2285 1155 2368; baseline -0.002 -19"><span class='ocrx_word' id='word_1_220' title='bbox 156 2291 253 2368; x_wconf 91' lang='lat' dir='ltr'><strong>quein</strong></span> <span class='ocrx_word' id='word_1_221' title='bbox 267 2305 335 2350; x_wconf 89' lang='lat' dir='ltr'><strong>acre</strong></span> <span class='ocrx_word' id='word_1_222' title='bbox 346 2296 458 2348; x_wconf 86' lang='lat' dir='ltr'><strong>acetum</strong></span> <span class='ocrx_word' id='word_1_223' title='bbox 470 2288 601 2348; x_wconf 88' lang='lat' dir='ltr'><strong>coniecta</strong></span> <span class='ocrx_word' id='word_1_224' title='bbox 611 2285 778 2346; x_wconf 88' lang='lat' dir='ltr'><strong>torminibus</strong></span> <span class='ocrx_word' id='word_1_225' title='bbox 788 2286 928 2348; x_wconf 87' lang='lat' dir='ltr'><strong>medetur.</strong></span> <span class='ocrx_word' id='word_1_226' title='bbox 953 2290 982 2347; x_wconf 87' lang='lat' dir='ltr'><strong>in</strong></span> <span class='ocrx_word' id='word_1_227' title='bbox 993 2287 1059 2347; x_wconf 89' lang='lat' dir='ltr'><strong>cibo</strong></span> <span class='ocrx_word' id='word_1_228' title='bbox 1073 2287 1155 2348; x_wconf 88' lang='lat' dir='ltr'><strong>iresa</strong></span> 
     </span>
     <span class='ocr_line' id='line_1_26' title="bbox 157 2370 1249 2456; baseline -0.003 -22"><span class='ocrx_word' id='word_1_229' title='bbox 157 2382 264 2434; x_wconf 88' lang='lat' dir='ltr'><strong>etcum</strong></span> <span class='ocrx_word' id='word_1_230' title='bbox 286 2373 342 2433; x_wconf 89' lang='lat' dir='ltr'><strong>alio</strong></span> <span class='ocrx_word' id='word_1_231' title='bbox 359 2380 441 2431; x_wconf 89' lang='lat' dir='ltr'><strong>cocta</strong></span> <span class='ocrx_word' id='word_1_232' title='bbox 464 2377 563 2430; x_wconf 88' lang='lat' dir='ltr'><strong>contra</strong></span> <span class='ocrx_word' id='word_1_233' title='bbox 578 2370 743 2449; x_wconf 86' lang='lat' dir='ltr'><strong>deploratas</strong></span> <span class='ocrx_word' id='word_1_234' title='bbox 763 2371 850 2430; x_wconf 86' lang='lat' dir='ltr'><strong>tussis</strong></span> <span class='ocrx_word' id='word_1_235' title='bbox 871 2370 1190 2449; x_wconf 79' lang='lat' dir='ltr'><strong>suppurationesquess</strong></span> <span class='ocrx_word' id='word_1_236' title='bbox 1248 2443 1249 2456; x_wconf 10' lang='grc' dir='ltr'>χ</span> 
     </span>
     <span class='ocr_line' id='line_1_27' title="bbox 156 2452 1154 2536; baseline -0.004 -18"><span class='ocrx_word' id='word_1_237' title='bbox 156 2466 307 2536; x_wconf 90' lang='lat' dir='ltr'><strong>pectorum</strong></span> <span class='ocrx_word' id='word_1_238' title='bbox 332 2454 475 2515; x_wconf 89' lang='lat' dir='ltr'><strong>cotidiano</strong></span> <span class='ocrx_word' id='word_1_239' title='bbox 501 2453 567 2514; x_wconf 90' lang='lat' dir='ltr'><strong>cibo</strong></span> <span class='ocrx_word' id='word_1_240' title='bbox 587 2454 723 2528; x_wconf 88' lang='lat' dir='ltr'><strong>sumitur,</strong></span> <span class='ocrx_word' id='word_1_241' title='bbox 749 2461 779 2512; x_wconf 91' lang='lat' dir='ltr'><strong>et</strong></span> <span class='ocrx_word' id='word_1_242' title='bbox 806 2452 1027 2514; x_wconf 78' lang='lat' dir='ltr'><strong>conmanducata</strong></span> <span class='ocrx_word' id='word_1_243' title='bbox 1054 2455 1154 2515; x_wconf 91' lang='lat' dir='ltr'><strong>ieiuno</strong></span> 
     </span>
     <span class='ocr_line' id='line_1_28' title="bbox 156 2535 1248 2618; baseline -0.003 -18"><span class='ocrx_word' id='word_1_244' title='bbox 156 2557 208 2600; x_wconf 94' lang='lat' dir='ltr'><strong>ore</strong></span> <span class='ocrx_word' id='word_1_245' title='bbox 223 2539 306 2598; x_wconf 90' lang='lat' dir='ltr'><strong>etiam</strong></span> <span class='ocrx_word' id='word_1_246' title='bbox 323 2538 358 2598; x_wconf 95' lang='lat' dir='ltr'><strong>ad</strong></span> <span class='ocrx_word' id='word_1_247' title='bbox 373 2536 539 2598; x_wconf 80' lang='lat' dir='ltr'><strong>furunculos</strong></span> <span class='ocrx_word' id='word_1_248' title='bbox 553 2535 734 2595; x_wconf 85' lang='lat' dir='ltr'><strong>maturandos</strong></span> <span class='ocrx_word' id='word_1_249' title='bbox 749 2535 981 2597; x_wconf 85' lang='lat' dir='ltr'><strong>discutiendosve</strong></span> <span class='ocrx_word' id='word_1_250' title='bbox 996 2537 1153 2618; x_wconf 88' lang='lat' dir='ltr'><strong>inponitur,</strong></span> <span class='ocrx_word' id='word_1_251' title='bbox 1244 2564 1248 2583; x_wconf 68' lang='grc' dir='ltr'>ι</span> 
     </span>
    </p>

    <p class='ocr_par' dir='ltr' id='par_1_8' title="bbox 116 2619 1249 3119">
     <span class='ocr_line' id='line_1_29' title="bbox 116 2619 1249 2698; baseline -0.001 -17"><span class='ocrx_word' id='word_1_252' title='bbox 116 2633 165 2688; x_wconf 81' lang='lat'><strong>141</strong></span> <span class='ocrx_word' id='word_1_253' title='bbox 180 2630 209 2681; x_wconf 91' lang='lat' dir='ltr'><strong>et</strong></span> <span class='ocrx_word' id='word_1_254' title='bbox 222 2622 251 2681; x_wconf 90' lang='lat' dir='ltr'><strong>in</strong></span> <span class='ocrx_word' id='word_1_255' title='bbox 262 2622 330 2696; x_wconf 87' lang='lat' dir='ltr'><strong>vino</strong></span> <span class='ocrx_word' id='word_1_256' title='bbox 342 2621 464 2680; x_wconf 90' lang='lat' dir='ltr'><strong>decocta</strong></span> <span class='ocrx_word' id='word_1_257' title='bbox 479 2620 515 2681; x_wconf 90' lang='lat' dir='ltr'><strong>ad</strong></span> <span class='ocrx_word' id='word_1_258' title='bbox 528 2619 642 2680; x_wconf 88' lang='lat' dir='ltr'><strong>testium</strong></span> <span class='ocrx_word' id='word_1_259' title='bbox 655 2628 792 2697; x_wconf 85' lang='lat' dir='ltr'><strong>tumores,</strong></span> <span class='ocrx_word' id='word_1_260' title='bbox 808 2619 844 2680; x_wconf 90' lang='lat' dir='ltr'><strong>ad</strong></span> <span class='ocrx_word' id='word_1_261' title='bbox 853 2620 999 2698; x_wconf 89' lang='lat' dir='ltr'><strong>genitalia.</strong></span> <span class='ocrx_word' id='word_1_262' title='bbox 1025 2619 1153 2680; x_wconf 87' lang='lat' dir='ltr'><strong>lomento</strong></span> <span class='ocrx_word' id='word_1_263' title='bbox 1243 2656 1249 2673; x_wconf 66' lang='grc' dir='ltr'>ι</span> 
     </span>
     <span class='ocr_line' id='line_1_30' title="bbox 157 2701 1153 2786; baseline -0.003 -20"><span class='ocrx_word' id='word_1_264' title='bbox 157 2720 273 2786; x_wconf 89' lang='lat' dir='ltr'><strong>quoquc</strong></span> <span class='ocrx_word' id='word_1_265' title='bbox 288 2721 327 2764; x_wconf 85' lang='lat' dir='ltr'><strong>ex</strong></span> <span class='ocrx_word' id='word_1_266' title='bbox 342 2713 424 2765; x_wconf 88' lang='lat' dir='ltr'><strong>aceto</strong></span> <span class='ocrx_word' id='word_1_267' title='bbox 441 2701 565 2764; x_wconf 89' lang='lat' dir='ltr'><strong>decocto</strong></span> <span class='ocrx_word' id='word_1_268' title='bbox 580 2711 708 2764; x_wconf 91' lang='lat' dir='ltr'><strong>tumores</strong></span> <span class='ocrx_word' id='word_1_269' title='bbox 722 2712 842 2764; x_wconf 89' lang='lat' dir='ltr'><strong>maturat</strong></span> <span class='ocrx_word' id='word_1_270' title='bbox 855 2713 942 2782; x_wconf 84' lang='lat' dir='ltr'><strong>atque</strong></span> <span class='ocrx_word' id='word_1_271' title='bbox 956 2705 1066 2782; x_wconf 89' lang='lat' dir='ltr'><strong>aperit,</strong></span> <span class='ocrx_word' id='word_1_272' title='bbox 1083 2705 1153 2764; x_wconf 85' lang='lat' dir='ltr'><strong>item</strong></span> 
     </span>
     <span class='ocr_line' id='line_1_31' title="bbox 156 2786 1191 2868; baseline 0 -18"><span class='ocrx_word' id='word_1_273' title='bbox 156 2789 311 2868; x_wconf 82' lang='lat' dir='ltr'><strong>livoribus,</strong></span> <span class='ocrx_word' id='word_1_274' title='bbox 333 2787 489 2848; x_wconf 88' lang='lat' dir='ltr'><strong>combustis</strong></span> <span class='ocrx_word' id='word_1_275' title='bbox 502 2786 641 2848; x_wconf 87' lang='lat' dir='ltr'><strong>medetur.</strong></span> <span class='ocrx_word' id='word_1_276' title='bbox 669 2788 736 2847; x_wconf 91' lang='lat' dir='ltr'><strong>voci</strong></span> <span class='ocrx_word' id='word_1_277' title='bbox 753 2803 815 2847; x_wconf 88' lang='lat' dir='ltr'><strong>eam</strong></span> <span class='ocrx_word' id='word_1_278' title='bbox 833 2787 975 2864; x_wconf 87' lang='lat' dir='ltr'><strong>prodesse</strong></span> <span class='ocrx_word' id='word_1_279' title='bbox 990 2797 1091 2848; x_wconf 90' lang='lat' dir='ltr'><strong>auctor</strong></span> <span class='ocrx_word' id='word_1_280' title='bbox 1106 2795 1191 2850; x_wconf 78' lang='lat' dir='ltr'><strong>estro</strong></span> 
     </span>
     <span class='ocr_line' id='line_1_32' title="bbox 156 2869 1151 2948; baseline -0.005 -15"><span class='ocrx_word' id='word_1_281' title='bbox 156 2869 194 2933; x_wconf 84' lang='lat' dir='ltr'><strong>lt.</strong></span> <span class='ocrx_word' id='word_1_282' title='bbox 208 2873 311 2933; x_wconf 89' lang='lat' dir='ltr'><strong>Varro.</strong></span> <span class='ocrx_word' id='word_1_283' title='bbox 339 2871 487 2932; x_wconf 85' lang='lat' dir='ltr'><strong>Fabulium</strong></span> <span class='ocrx_word' id='word_1_284' title='bbox 502 2871 585 2930; x_wconf 88' lang='lat' dir='ltr'><strong>etiam</strong></span> <span class='ocrx_word' id='word_1_285' title='bbox 600 2870 821 2948; x_wconf 84' lang='lat' dir='ltr'><strong>siliquarumque</strong></span> <span class='ocrx_word' id='word_1_286' title='bbox 837 2870 912 2948; x_wconf 33' lang='lat' dir='ltr'><strong>cinis„</strong></span> <span class='ocrx_word' id='word_1_287' title='bbox 924 2871 960 2932; x_wconf 93' lang='lat' dir='ltr'><strong>ad</strong></span> <span class='ocrx_word' id='word_1_288' title='bbox 975 2870 1151 2931; x_wconf 85' lang='lat' dir='ltr'><strong>coxendices</strong></span> 
     </span>
     <span class='ocr_line' id='line_1_33' title="bbox 158 2953 1152 3031; baseline -0.006 -12"><span class='ocrx_word' id='word_1_289' title='bbox 158 2966 187 3019; x_wconf 86' lang='lat' dir='ltr'><strong>et</strong></span> <span class='ocrx_word' id='word_1_290' title='bbox 208 2957 243 3018; x_wconf 90' lang='lat' dir='ltr'><strong>ad</strong></span> <span class='ocrx_word' id='word_1_291' title='bbox 262 2971 414 3016; x_wconf 90' lang='lat' dir='ltr'><strong>nervorum</strong></span> <span class='ocrx_word' id='word_1_292' title='bbox 436 2963 553 3014; x_wconf 89' lang='lat' dir='ltr'><strong>veteres</strong></span> <span class='ocrx_word' id='word_1_293' title='bbox 576 2953 692 3013; x_wconf 91' lang='lat' dir='ltr'><strong>dolores</strong></span> <span class='ocrx_word' id='word_1_294' title='bbox 713 2970 776 3013; x_wconf 90' lang='lat' dir='ltr'><strong>cum</strong></span> <span class='ocrx_word' id='word_1_295' title='bbox 797 2953 889 3031; x_wconf 88' lang='lat' dir='ltr'><strong>adipis</strong></span> <span class='ocrx_word' id='word_1_296' title='bbox 908 2954 985 3014; x_wconf 88' lang='lat' dir='ltr'><strong>suilli</strong></span> <span class='ocrx_word' id='word_1_297' title='bbox 1007 2962 1152 3014; x_wconf 88' lang='lat' dir='ltr'><strong>vetustate</strong></span> 
     </span>
     <span class='ocr_line' id='line_1_34' title="bbox 156 3035 1150 3119; baseline -0.005 -19"><span class='ocrx_word' id='word_1_298' title='bbox 156 3040 286 3119; x_wconf 88' lang='lat' dir='ltr'><strong>prodest.</strong></span> <span class='ocrx_word' id='word_1_299' title='bbox 319 3047 348 3098; x_wconf 94' lang='lat' dir='ltr'><strong>ct</strong></span> <span class='ocrx_word' id='word_1_300' title='bbox 364 3044 419 3117; x_wconf 87' lang='lat' dir='ltr'><strong>per</strong></span> <span class='ocrx_word' id='word_1_301' title='bbox 432 3054 465 3098; x_wconf 86' lang='lat' dir='ltr'><strong>se</strong></span> <span class='ocrx_word' id='word_1_302' title='bbox 482 3037 606 3114; x_wconf 82' lang='lat' dir='ltr'><strong>cortices</strong></span> <span class='ocrx_word' id='word_1_303' title='bbox 622 3037 737 3098; x_wconf 90' lang='lat' dir='ltr'><strong>decocti</strong></span> <span class='ocrx_word' id='word_1_304' title='bbox 754 3035 790 3097; x_wconf 87' lang='lat' dir='ltr'><strong>ad</strong></span> <span class='ocrx_word' id='word_1_305' title='bbox 805 3038 904 3098; x_wconf 84' lang='lat' dir='ltr'><strong>tertias</strong></span> <span class='ocrx_word' id='word_1_306' title='bbox 927 3037 1029 3098; x_wconf 88' lang='lat' dir='ltr'><strong>sistunt</strong></span> <span class='ocrx_word' id='word_1_307' title='bbox 1043 3036 1150 3097; x_wconf 87' lang='lat' dir='ltr'><strong>alvom.</strong></span> 
     </span>
    </p>

    <p class='ocr_par' dir='ltr' id='par_1_9' title="bbox 117 3119 1152 3203">
     <span class='ocr_line' id='line_1_35' title="bbox 117 3119 1152 3203; baseline -0.007 -16"><span class='ocrx_word' id='word_1_308' title='bbox 117 3132 166 3187; x_wconf 77' lang='lat' dir='ltr'><strong>lit</strong></span> <span class='ocrx_word' id='word_1_309' title='bbox 231 3123 314 3203; x_wconf 84' lang='lat'><strong>(70.)</strong></span> <span class='ocrx_word' id='word_1_310' title='bbox 336 3121 411 3184; x_wconf 84' lang='lat' dir='ltr'><strong>bens</strong></span> <span class='ocrx_word' id='word_1_311' title='bbox 432 3131 546 3200; x_wconf 88' lang='lat' dir='ltr'><strong>optuma</strong></span> <span class='ocrx_word' id='word_1_312' title='bbox 569 3138 642 3200; x_wconf 84' lang='lat' dir='ltr'><strong>quae</strong></span> <span class='ocrx_word' id='word_1_313' title='bbox 661 3119 796 3181; x_wconf 85' lang='lat' dir='ltr'><strong>facillime</strong></span> <span class='ocrx_word' id='word_1_314' title='bbox 819 3123 949 3199; x_wconf 89' lang='lat' dir='ltr'><strong>coquitur</strong></span> <span class='ocrx_word' id='word_1_315' title='bbox 972 3131 1000 3181; x_wconf 87' lang='lat' dir='ltr'><strong>et</strong></span> <span class='ocrx_word' id='word_1_316' title='bbox 1020 3139 1055 3182; x_wconf 91' lang='lat' dir='ltr'><strong>ea</strong></span> <span class='ocrx_word' id='word_1_317' title='bbox 1076 3137 1152 3198; x_wconf 91' lang='lat' dir='ltr'><strong>quae</strong></span> 
     </span>
    </p>

    <p class='ocr_par' dir='ltr' id='par_1_10' title="bbox 29 3201 1251 3535">
     <span class='ocr_line' id='line_1_36' title="bbox 29 3201 1190 3283; baseline -0.003 -15"><span class='ocrx_word' id='word_1_318' title='bbox 29 3210 31 3216; x_wconf 83' lang='grc'><em>’</em></span> <span class='ocrx_word' id='word_1_319' title='bbox 110 3267 113 3279; x_wconf 36' lang='lat' dir='ltr'><em>s</em></span> <span class='ocrx_word' id='word_1_320' title='bbox 156 3213 287 3268; x_wconf 79' lang='lat' dir='ltr'><strong>maxume</strong></span> <span class='ocrx_word' id='word_1_321' title='bbox 310 3201 410 3283; x_wconf 88' lang='lat' dir='ltr'><strong>aquam</strong></span> <span class='ocrx_word' id='word_1_322' title='bbox 430 3203 576 3264; x_wconf 87' lang='lat' dir='ltr'><strong>absorbet</strong></span> <span class='ocrx_word' id='word_1_323' title='bbox 615 3205 706 3264; x_wconf 88' lang='lat' dir='ltr'><strong>aciem</strong></span> <span class='ocrx_word' id='word_1_324' title='bbox 722 3204 835 3281; x_wconf 89' lang='lat' dir='ltr'><strong>quidem</strong></span> <span class='ocrx_word' id='word_1_325' title='bbox 855 3204 1004 3265; x_wconf 90' lang='lat' dir='ltr'><strong>oculorum</strong></span> <span class='ocrx_word' id='word_1_326' title='bbox 1020 3204 1152 3266; x_wconf 90' lang='lat' dir='ltr'><strong>obtundit</strong></span> <span class='ocrx_word' id='word_1_327' title='bbox 1162 3223 1190 3265; x_wconf 84' lang='lat' dir='ltr'><strong>as</strong></span> 
     </span>
     <span class='ocr_line' id='line_1_37' title="bbox 158 3281 1150 3374; baseline -0.005 -23"><span class='ocrx_word' id='word_1_328' title='bbox 158 3300 187 3351; x_wconf 86' lang='lat' dir='ltr'><strong>et</strong></span> <span class='ocrx_word' id='word_1_329' title='bbox 202 3289 377 3350; x_wconf 84' lang='lat' dir='ltr'><strong>stomachum</strong></span> <span class='ocrx_word' id='word_1_330' title='bbox 396 3281 492 3362; x_wconf 82' lang='lat' dir='ltr'><strong>indat,</strong></span> <span class='ocrx_word' id='word_1_331' title='bbox 513 3286 564 3346; x_wconf 90' lang='lat' dir='ltr'><strong>sed</strong></span> <span class='ocrx_word' id='word_1_332' title='bbox 584 3287 679 3347; x_wconf 88' lang='lat' dir='ltr'><strong>alvom</strong></span> <span class='ocrx_word' id='word_1_333' title='bbox 698 3289 771 3347; x_wconf 88' lang='lat' dir='ltr'><strong>sistit</strong></span> <span class='ocrx_word' id='word_1_334' title='bbox 786 3289 814 3346; x_wconf 90' lang='lat' dir='ltr'><strong>in</strong></span> <span class='ocrx_word' id='word_1_335' title='bbox 832 3286 897 3348; x_wconf 91' lang='lat' dir='ltr'><strong>cibo</strong></span> <span class='ocrx_word' id='word_1_336' title='bbox 915 3289 1066 3374; x_wconf 78' lang='lat' dir='ltr'><strong>magisque</strong></span> <span class='ocrx_word' id='word_1_337' title='bbox 1083 3303 1150 3347; x_wconf 90' lang='lat' dir='ltr'><strong>cae·</strong></span> 
     </span>
     <span class='ocr_line' id='line_1_38' title="bbox 157 3370 1153 3451; baseline -0.004 -17"><span class='ocrx_word' id='word_1_338' title='bbox 157 3375 317 3451; x_wconf 80' lang='lat' dir='ltr'><strong>lentiaque</strong></span> <span class='ocrx_word' id='word_1_339' title='bbox 339 3373 483 3448; x_wconf 88' lang='lat' dir='ltr'><strong>discocta,</strong></span> <span class='ocrx_word' id='word_1_340' title='bbox 507 3371 609 3431; x_wconf 88' lang='lat' dir='ltr'><strong>eadem</strong></span> <span class='ocrx_word' id='word_1_341' title='bbox 631 3370 717 3430; x_wconf 88' lang='lat' dir='ltr'><strong>solvit</strong></span> <span class='ocrx_word' id='word_1_342' title='bbox 737 3372 826 3432; x_wconf 87' lang='lat' dir='ltr'><strong>minus</strong></span> <span class='ocrx_word' id='word_1_343' title='bbox 847 3378 995 3451; x_wconf 89' lang='lat' dir='ltr'><strong>percocta.</strong></span> <span class='ocrx_word' id='word_1_344' title='bbox 1032 3370 1153 3450; x_wconf 83' lang='lat' dir='ltr'><strong>pusulas</strong></span> 
     </span>
     <span class='ocr_line' id='line_1_39' title="bbox 158 3454 1251 3535; baseline 0.003 -18"><span class='ocrx_word' id='word_1_345' title='bbox 158 3458 285 3517; x_wconf 87' lang='lat' dir='ltr'><strong>ulcerum</strong></span> <span class='ocrx_word' id='word_1_346' title='bbox 306 3457 424 3535; x_wconf 86' lang='lat' dir='ltr'><strong>rumpit,</strong></span> <span class='ocrx_word' id='word_1_347' title='bbox 446 3472 570 3535; x_wconf 88' lang='lat' dir='ltr'><strong>eaquae</strong></span> <span class='ocrx_word' id='word_1_348' title='bbox 590 3456 663 3514; x_wconf 86' lang='lat' dir='ltr'><strong>iutra</strong></span> <span class='ocrx_word' id='word_1_349' title='bbox 684 3471 719 3515; x_wconf 91' lang='lat' dir='ltr'><strong>os</strong></span> <span class='ocrx_word' id='word_1_350' title='bbox 734 3464 798 3516; x_wconf 90' lang='lat' dir='ltr'><strong>suut</strong></span> <span class='ocrx_word' id='word_1_351' title='bbox 820 3465 924 3534; x_wconf 86' lang='lat' dir='ltr'><strong>purgat</strong></span> <span class='ocrx_word' id='word_1_352' title='bbox 942 3463 972 3516; x_wconf 87' lang='lat' dir='ltr'><strong>et</strong></span> <span class='ocrx_word' id='word_1_353' title='bbox 990 3454 1151 3530; x_wconf 86' lang='lat' dir='ltr'><strong>adstringit.</strong></span> <span class='ocrx_word' id='word_1_354' title='bbox 1250 3509 1251 3520; x_wconf 70' lang='grc'>,</span> 
     </span>
    </p>
   </div>
   <div class='ocr_carea' id='block_1_3' title="bbox 0 0 1279 3864">
    <p class='ocr_par' dir='ltr' id='par_1_11' title="bbox 0 0 1279 3864">
     <span class='ocr_line' id='line_1_40' title="bbox 0 0 1279 3864; baseline 0 0"><span class='ocrx_word' id='word_1_355' title='bbox 0 0 1279 3864; x_wconf 95' lang='lat' dir='ltr'><strong> </strong></span> 
     </span>
    </p>
   </div>
  </div>
 </body>
</html>
