2538 3864
315 213 395 260 unu.
409 212 501 261 mss.
516 213 576 265 xx.
592 207 710 262 lit-ao.
725 199 879 278 (co-83.)
1032 200 1094 264 223

95 371 250 451 inpetibilis
270 386 345 429 urae
366 366 485 428 morbos
506 366 633 427 radicem
651 367 712 426 eius
730 367 780 427 blo
795 384 966 445 suspensam
983 387 1001 428 e
1017 369 1095 432 collo
1142 361 1143 374 ¹

28 510 30 520 ,
94 473 199 533 gerere
222 460 427 532 praeterquam
452 454 482 511 in
505 451 647 526 balineis,
676 451 715 510 ita
737 450 889 510 liberatum
914 453 1095 518 incommodo

94 541 178 598 omui.
214 539 281 615 quin
303 537 389 595 etiam
410 536 505 595 inueni
526 535 603 613 apud
616 542 753 594 auctores
770 545 856 614 caput
873 535 982 597 inlitum
997 554 1031 596 ea
1046 536 1095 596 de-

93 623 279 683 stillationem
299 637 373 680 urmo
391 627 455 680 toto
474 637 531 679 ιιοιι
554 618 672 703 sentire.
710 619 814 679 oculos
836 629 931 680 tamen
955 619 1096 682 hebetare

67 727 79 767 5
115 714 219 766 utatur.
331 723 334 730 ’

94 725 112 785 p
157 787 242 868 (82.)
267 785 455 856 coriandrum
469 788 543 846 inter
556 785 701 845 silvestria
716 804 773 848 uon
787 788 939 851 invenitur.
963 789 1075 865 praeci·
1087 797 1139 852 216

93 891 178 954 puum
193 889 263 932 esse
276 880 391 931 constat
405 870 500 932 statim
512 868 697 948 Aegyptium.
717 871 796 931 valet
808 880 908 932 contra
920 873 1098 949 serpentium

91 975 186 1035 genus
203 973 287 1016 unum
308 954 385 1033 quod
401 952 624 1032 amphisbaenas
639 963 744 1014 vocent
761 964 859 1033 potum
873 956 1096 1034 inpositumque.

91 1050 173 1102 sanat
184 1049 212 1100 et
223 1039 280 1100 alia
291 1039 424 1114 volnera,
441 1036 631 1116 epinyctidas,
647 1039 765 1116 pusulas
776 1040 881 1099 tritum.
907 1041 951 1100 sic
964 1048 993 1099 et
1005 1040 1096 1101 omnis

56 1143 80 1185 no
91 1135 222 1185 tumores
234 1122 487 1200 collectionesque
501 1139 565 1180 cum
576 1121 664 1181 melle
680 1131 726 1182 aut
737 1141 792 1182 uva
804 1141 904 1200 passa,
922 1140 1013 1202 panos
1025 1137 1106 1184 vero·

91 1228 130 1270 ex
141 1217 227 1268 a'ceto
239 1207 343 1270 tritum.
368 1209 485 1267 seminis
500 1222 590 1290 graue
602 1206 657 1266 tria
671 1207 699 1265 iu
710 1207 840 1266 tertianis
850 1206 985 1268 devorari
999 1208 1098 1267 iubent

46 1320 49 1328 ·
91 1294 180 1372 aliqui
196 1301 262 1352 aute
279 1291 497 1364 accessionem,
514 1288 562 1348 vel
577 1290 755 1367 plureiulini
769 1289 866 1350 lrouti.
900 1300 965 1351 sunt
982 1293 1033 1369 qui
1047 1299 1140 1356 ettl'l
1204 1357 1208 1366 ,

91 1386 157 1438 arrte
175 1377 250 1438 solis
268 1384 361 1436 ortum
384 1372 579 1435 cervicalibus
600 1373 693 1432 subici
720 1374 881 1434 efficaciter
907 1384 1017 1454 putent.
1053 1377 1098 1436 vis
1199 1368 1217 1438 ¹.

90 1479 200 1537 magna.
219 1459 255 1521 ad
278 1457 495 1536 refrigerandos
511 1457 633 1517 ardores
649 1456 743 1518 viridi.
772 1458 872 1518 ulcera
890 1477 1007 1540 quoque
1023 1478 1097 1538 quae

55 1565 81 1605 ιι
93 1552 214 1622 serpunt
229 1551 311 1604 sanat
324 1537 389 1602 cum
402 1541 490 1602 melle
505 1541 553 1601 vel
569 1558 624 1601 uva
640 1559 743 1620 passa,
758 1541 826 1602 item
840 1543 1096 1625 testis,*ambusta,

93 1626 303 1703 carbunculos,
327 1627 421 1700 auris,
445 1642 510 1683 cum
524 1623 600 1683 lacte
617 1625 746 1684 mulieris
761 1625 919 1704 epiphoras
936 1626 1096 1702 oculorum,

91 1711 204 1770 ventris
230 1718 259 1768 et
289 1709 490 1766 intestinorum
515 1706 668 1768 ductiones
694 1725 794 1768 semen
821 1728 859 1772 ex
877 1725 959 1789 ‘equa
988 1720 1097 1789 potum.

92 1795 201 1856 bibitur
216 1801 245 1851 et
259 1792 288 1850 iu
302 1790 429 1851 choleris
446 1809 509 1850 cum
523 1799 596 1850 ruta.
620 1791 703 1871 pellit
714 1792 845 1852 animalia
856 1794 1080 1872 interaneorum,
1088 1804 1140 1858 218

92 1897 159 1940 cum
173 1875 241 1936 mali
257 1875 354 1954 punici
370 1890 442 1935 suco
459 1883 489 1934 et
503 1875 570 1934 oleo
587 1894 687 1936 semen
702 1885 810 1956 potum.
838 1875 1022 1938 Xenocrates
1040 1887 1096 1939 tra·
1190 1895 1192 1904 ’
1263 1877 1264 1910 ³

53 1963 135 2025 aodit
150 1979 213 2022 rem
228 1960 344 2034 miram,
369 1961 394 2018 si
413 1977 483 2018 vera
500 1967 561 2034 est,
580 1968 725 2020 menstrua
747 1961 886 2022 contineri
907 1979 963 2022 uuo
985 1961 1053 2040 die,
1073 1963 1098 2024 si

92 2063 180 2107 unum
198 2061 319 2122 granum
340 2041 465 2103 biberint
484 2043 625 2118 feminae,
649 2043 752 2120 biduo,
776 2046 802 2104 si
822 2045 897 2122 duo,
924 2055 954 2107 et
977 2043 1098 2107 totidem

94 2130 199 2192 diebos
221 2137 293 2206 quot
314 2144 404 2204 grana
425 2127 615 2210 sumpserint,
636 2125 678 2186 lh·
690 2127 785 2188 Varro
801 2130 952 2189 coriandro
974 2130 1097 2192 subtrito

94 2232 159 2276 cum
178 2223 262 2274 aceto
283 2229 399 2272 carnem
413 2212 611 2289 incorruptam
624 2216 733 2272 ae‘state
749 2215 862 2273 servari
876 2221 966 2292 putat.
983 2269 987 2281 ,

158 2297 244 2379 (83.)
275 2295 411 2374 Atriplex
431 2304 461 2355 et
483 2295 617 2356 silvestre
634 2304 679 2355 est
702 2305 731 2355 et
751 2296 889 2373 sativom,
912 2305 1077 2358 accusatum
1088 2307 1139 2362 219

51 2403 84 2443 ιι
96 2383 263 2459 Pythagora
278 2391 421 2458 tamquam
440 2379 553 2439 iaceret
566 2379 743 2459 hydropicos
760 2378 935 2459 morbosque
954 2381 1052 2458 regios
1068 2390 1098 2441 et

95 2465 256 2544 pallorem,
273 2472 508 2542 concoqueretur
523 2463 706 2538 difficillime,
731 2482 766 2524 ac
781 2483 817 2524 ne
833 2465 862 2524 in
877 2464 967 2526 hortis
984 2465 1099 2544 quidem

95 2553 174 2610 iuxta
194 2548 224 2608 id
244 2551 324 2610 nasci
349 2549 501 2628 quicquam
520 2548 575 2608 nisi
597 2548 760 2626 languidum
780 2548 915 2628 culpabit.
961 2548 1097 2632 addidere

95 2633 254 2708 Dionysius
270 2642 299 2693 ct
312 2632 434 2694 Diocles
452 2631 599 2710 plurumos
613 2634 694 2709 gigni
708 2650 745 2692 ex
764 2650 800 2692 eo
815 2635 950 2709 morbos,
974 2652 1028 2704 uec
1044 2633 1098 2693 uisi

96 2726 204 2778 mutata
226 2733 319 2794 saepe
341 2735 415 2795 aqua
436 2715 634 2793 coquendum,
656 2716 805 2776 stomacho
826 2719 997 2778 contrarium
1018 2735 1096 2794 esse,

51 2821 87 2865 ao
98 2803 254 2880 lentigiqes
265 2809 296 2860 et
306 2801 427 2880 papulas
436 2799 568 2874 gignere.
589 2799 676 2858 miror
690 2815 780 2876 quare
792 2799 946 2862 difficulter
955 2804 985 2860 iu
995 2801 1076 2861 ltalia
1088 2809 1140 2866 220

96 2887 179 2947 nasci
201 2884 351 2944 tradiderit
371 2884 401 2944 id
420 2883 492 2943 Solo
514 2879 700 2958 Zmyrnaeus.
736 2881 928 2961 Hippocrates
950 2883 1113 2944 volvarum.
1236 2883 1241 2900 ‘

96 2971 174 3030 vitiis
192 2967 314 3030 infundit
330 2967 358 3027 id
380 2983 443 3026 cum
464 2967 541 3027 beta.
575 2964 669 3041 Lycus
685 2966 893 3045 Neapolitanus
916 2976 1016 3028 contra
1033 2985 1097 3026 can·
1200 3005 1213 3046 t

99 3053 226 3114 tharidas
241 3051 397 3112 bibendum
411 3050 506 3127 dedit,
529 3065 639 3129 panos,
663 3050 831 3111 furunculos
846 3052 1026 3129 incipientis,
1048 3051 1097 3110 du-

98 3137 180 3198 ritias
202 3137 292 3196 omnis
311 3134 360 3195 vel
378 3143 464 3194 cocto
481 3134 531 3195 vel
549 3133 638 3195 crudo
659 3135 767 3195 utiliter
785 3135 864 3194 inlini
882 3135 1007 3212 putauit,
1031 3134 1097 3194 item

49 3223 197 3299 seigneur
217 3236 330 3280 sacrum
352 3236 416 3279 cum
437 3218 543 3296 melle,
570 3225 655 3279 aceto
679 3219 829 3297 nitroque,
856 3218 986 3280 similiter
1008 3218 1097 3297 poda·

99 3322 178 3390 gras.
218 3304 321 3379 unguis
342 3302 464 3363 scabros
486 3302 640 3363 detrahere
661 3301 762 3362 dicitur
784 3304 846 3364 sine
866 3301 976 3364 ulcere.
1014 3311 1078 3363 sunt
1089 3312 1139 3364 221
1184 3304 1191 3324 ³
1259 3295 1260 3356 ἒ

102 3390 197 3468 quiet
219 3386 320 3447 morbo
342 3387 425 3462 regio
444 3386 512 3446 dent
534 3403 634 3472 semen
648 3386 710 3446 eius
727 3405 789 3446 cum
806 3386 908 3463 melle,
930 3387 1051 3447 arterias
1068 3396 1098 3447 et

101 3472 233 3534 tonsillas
254 3471 328 3530 uitro
351 3470 448 3530 addito
471 3470 652 3548 perlucent,
668 3470 763 3531 alrom
779 3481 930 3554 moueant,
949 3480 1034 3532 cocto
1049 3471 1097 3530 vel
1119 3485 1123 3496 ·
