2552 3866
334 295 336 304 Ι
358 225 437 272 nnn.
454 225 545 274 mss.
560 225 619 314 nx.
637 222 662 276 9.
680 215 834 292 (at—39.)
858 299 861 304 Ι
1026 217 1088 280 203

77 379 127 439 tis
140 379 230 439 oleris
244 379 374 453 similior,
392 347 538 442 candidior
553 380 644 440 sativa
660 388 689 439 et
702 379 848 440 hirsutior.
878 381 953 442 hanc
967 383 1087 444 inflatio·

90 462 171 522 nibus
179 463 308 550 mederi,
324 461 540 524 melancholicis
557 480 674 543 quoque
689 480 724 524 ac
737 462 905 525 volneribus
921 467 1088 526 recentibus

90 561 154 606 cum
173 537 275 623 melle,
293 547 333 607 ita
355 564 392 606 ne
414 547 564 608 solvantur
586 557 651 608 ante
666 546 742 607 hem
764 557 941 626 septumum,
965 551 1088 626 strumis,

90 629 228 705 tistulis,'
219 647 249 690 m
264 647 338 709 aqua
354 633 503 692 contritam
516 629 696 710 Chrysippus
710 640 812 692 auctor
827 641 881 692 εει
913 641 943 693 et
956 633 1005 692 alii
1016 650 1088 694 vero

66 730 271 792 sconpescerc
289 713 364 776 mala
381 717 515 792 corporis
526 733 600 793 quac
617 724 736 794 serpant
752 747 795 762 -
805 733 905 776 nomas
921 725 1027 776 vocant
1037 749 1087 792 -,

89 799 157 858 item
173 798 375 867 excrescentia
390 795 558 874 absumere,
582 799 734 860 cicatrices
755 799 792 860 ad
808 800 923 878 planum
942 799 1087 876 redigere.

89 882 149 941 oris
160 881 260 942 ulcera
269 890 301 942 et
312 882 444 944 tonsillas
455 882 652 944 manducatam
662 891 691 942 et
700 892 891 944 coctamsuco
906 885 1131 962 gargarizatum

89 983 153 1024 cum
168 964 255 1025 melle
270 966 393 1043 tollere,
406 968 475 1026 item
492 983 598 1046 psoras
615 976 644 1026 et
659 967 758 1046 lepras
773 976 908 1042 veteres,
934 968 1023 1046 ipsius
1039 968 1087 1026 tri·
1133 975 1136 984 '

86 1049 142 1108 bus
156 1049 285 1128 partibus
301 1068 364 1109 curn
380 1049 491 1111 duabus
507 1051 638 1110 aluminis
659 1051 688 1109 in
708 1059 793 1110 aceto
815 1052 875 1111 acri
896 1050 992 1110 inlitis.
1020 1049 1088 1130 Epi·
1110 1079 1122 1132 q

51 1154 78 1195 ιο
89 1132 219 1193 charmus
241 1135 311 1194 satis
327 1151 394 1194 esse
414 1151 477 1194 eam
499 1143 598 1194 contra
613 1135 692 1194 canis
709 1133 816 1195 rabiosi
836 1151 962 1194 morsum
979 1136 1088 1214 inponi,

87 1216 190 1276 melius
206 1219 229 1276 si
247 1235 311 1278 cum
328 1218 424 1278 lasere
441 1227 470 1277 et
485 1227 570 1278 aceto
588 1219 665 1293 acri,
683 1220 781 1278 necari
802 1234 918 1296 quoqne
938 1235 1026 1278 canes
1042 1235 1087 1294 ea,

87 1302 112 1360 si
128 1300 210 1360 detur
228 1319 265 1360 ex
280 1319 377 1362 carue.
409 1319 509 1361 semen
530 1303 591 1361 eius
614 1310 720 1365 tostum
742 1302 894 1362 auxiliatur
910 1311 1009 1362 contra
1027 1319 1087 1362 ser·

86 1386 191 1463 pontis,
206 1383 323 1462 longos,
339 1387 412 1447 tauri
427 1387 606 1462 sanguinem.
640 1385 711 1446 lolia
727 1395 810 1445 cocta
826 1386 964 1465 splenicis
978 1387 1007 1444 in
1021 1385 1086 1446 cibo
1095 1394 1130 1448 95

87 1467 152 1528 data
168 1476 197 1526 et
212 1470 299 1530 cruda
314 1469 393 1530 inlita
409 1487 473 1529 cum
491 1470 609 1548 sulpure
625 1479 654 1529 et
668 1471 743 1528 nitro
762 1477 898 1548 prosunt,
919 1471 988 1530 item
1002 1486 1087 1529 mam·

49 1569 76 1611 ιε
86 1569 194 1610 marum
210 1551 341 1614 duritiae.
366 1553 494 1614 radicum
511 1555 582 1612 cinis
596 1571 670 1612 uuae
685 1553 713 1610 in
730 1551 861 1613 lancibus
878 1555 995 1612 tumenti
1010 1561 1087 1612 tactu

85 1633 232 1709 medetur,
249 1644 279 1694 et
294 1635 441 1713 parotidas
460 1653 523 1696 eum
537 1636 625 1696 melle
640 1635 737 1695 inlitus
751 1636 895 1714 reprimit,
912 1638 1088 1714 serpentium

85 1734 200 1778 morsus
216 1727 306 1782 sanat.
334 1719 436 1778 virium
450 1717 600 1780 brassicae
609 1737 693 1777 unum
707 1728 736 1778 et
747 1735 879 1795 magnum
890 1727 1087 1795 argumentum

86 1800 224 1861 addemus
246 1800 428 1862 admirabile:
458 1811 572 1862 crustae
595 1805 620 1861 si
643 1811 789 1881 occupent
809 1803 884 1860 intus
904 1820 973 1862 vasa
994 1804 1087 1862 omnia

85 1887 114 1946 in
131 1884 234 1964 quibus
254 1903 346 1963 aquae
361 1886 476 1946 fervent
490 1887 518 1945 in
532 1895 638 1946 tantum
655 1896 685 1946 ut
700 1903 758 1946 non
773 1887 809 1946 sit
824 1885 954 1946 avallere
973 1903 1040 1962 eas,
1062 1886 1086 1945 si

45 1992 76 2033 so
87 1971 218 2031 brassica
233 1971 262 2030 in
276 1971 311 2028 iis
326 1969 516 2048 decoquatur,
533 1969 701 2030 abscedunt.

152 2050 233 2136 (37.)
251 2053 330 2113 Inter
344 2053 486 2113 silvestris
502 2052 648 2114 brassicas
670 2062 700 2112 et
722 2053 841 2132 lapsana
856 2061 901 2112 est
917 2052 1029 2130 pedalis
1044 2052 1083 2113 al·
1094 2059 1128 2114 96

84 2137 224 2213 titudine,
252 2138 369 2196 hirsutis
391 2136 486 2213 loliis,
517 2137 609 2214 sinapi
633 2137 750 2212 similis,
778 2138 831 2196 nisi
846 2136 993 2196 candidior
1007 2145 1087 2196 esset
1195 2135 1198 2141 “

84 2221 169 2281 llore.
205 2222 338 2298 coquitur
351 2221 379 2280 in
393 2219 477 2297 cibo,
509 2221 604 2281 alvom
623 2220 692 2280 lenit
707 2229 736 2280 et
750 2219 852 2280 mollit.

146 2302 227 2389 (38.)
245 2304 355 2371 Mariua
370 2303 499 2364 brassica
512 2303 765 2364 vehementissime
783 2321 821 2362 ex
843 2301 973 2362 omnibns
991 2300 1086 2360 alvom

43 2408 74 2448 aa
88 2390 156 2448 ciat.
190 2391 322 2466 coquitur
347 2396 469 2466 propter
494 2388 677 2450 acrimoniam
698 2404 763 2447 cum
783 2387 881 2466 pingui
902 2402 1005 2463 carne,
1027 2392 1084 2444 sto·
1142 2453 1150 2464 ,

85 2471 189 2532 macho
207 2473 410 2532 inimicissima.
622 2511 624 2516 ·

148 2555 231 2633 (39.)
255 2555 407 2616 Scillarum
422 2556 450 2614 iu
467 2555 609 2615 medicina
623 2555 689 2618 albe
705 2562 751 2614 est
765 2550 805 2591 **
827 2552 951 2614 feminae
972 2553 1083 2629 nigras.
1094 2555 1127 2611 st

86 2655 162 2718 quae
184 2638 382 2698 candidissima
404 2637 490 2698 luerit
510 2638 659 2699 utilissima
680 2639 744 2698 erit.
779 2638 846 2697 huic
868 2636 955 2697 aridis
983 2635 1085 2700 tunicis
1193 2635 1197 2644 “

85 2723 208 2800 direptis
223 2721 300 2800 quod
316 2723 459 2800 reliquom
475 2721 571 2780 evivo
587 2730 633 2780 est
646 2729 812 2780 consectum
823 2720 1008 2816 suspenditur
1026 2719 1085 2779 lino
1180 2731 1186 2744 ¹

43 2806 207 2869 asmodicis
222 2805 391 2866 intervallis.
420 2813 525 2884 postea
542 2804 620 2864 arida
640 2803 759 2864 inusta
751 2821 780 2862 m
793 2801 895 2864 cadum
912 2803 987 2860 aceti
1003 2819 1086 2880 quarn

86 2891 238 2968 asperrimi
231 2888 406 2967 pendentia
422 2891 617 2964 inmerguntur
630 2889 668 2947 ita
683 2903 719 2946 ne
736 2886 795 2946 ulla
809 2895 891 2964 parte
907 2901 958 2944 vas
977 2885 1084 2944 contin·

85 2983 165 3053 gant.
194 2974 252 3035 boc
271 2971 302 3031 lit
317 2979 382 3032 ante
397 2973 566 3047 solstitium,
586 2971 689 3031 diebus
707 2982 829 3030 xnvm.
864 2983 959 3046 gypso
981 2966 1129 3028 deinde98

86 3058 193 3118 oblitus
209 3057 297 3118 cadus
314 3055 430 3150 ponitur
448 3056 502 3116 sub
521 3053 627 3133 tegulis
645 3055 733 3114 totius
750 3054 807 3113 diei
828 3053 920 3114 solem
942 3052 1085 3127 accipien-

85 3141 174 3202 tibus.
206 3149 273 3218 post
285 3157 349 3199 eum
364 3140 511 3198 numerum
526 3140 635 3201 dierum
646 3137 755 3198 tollitur
768 3153 831 3212 vas,
847 3135 930 3196 scilla
943 3134 1084 3208 eximitur,

42 3233 201 3288 esacetmn
223 3222 436 3283 transfunditur.
464 3221 521 3282 hcc
543 3213 695 3284 clariorem
717 3220 866 3282 oculorum
893 3219 985 3278 aciem
1005 3217 1084 3292 lacit,

86 3309 212 3370 salutare
239 3315 285 3366 est
312 3306 451 3367 stomachi
466 3305 659 3403 laterumque
686 3303 834 3366 doloribus
864 3301 972 3364 diebus
999 3301 1084 3376 binis,

87 3401 237 3470 sumptum.
271 3390 325 3451 sed
346 3399 423 3450 tants
445 3390 490 3448 uis
518 3399 563 3448 est
584 3399 615 3449 ut
642 3390 751 3450 avidius
773 3389 904 3448 baustum
925 3387 1085 3448 exstinctae

88 3476 199 3536 animae
214 3483 359 3540 momento
375 3474 471 3551 aliquo
487 3473 616 3552 speciem
630 3472 780 3552 praebeat.
807 3470 927 3551 prodest
948 3480 983 3532 et,
991 3470 1083 3547 ginqi-
1092 3475 1127 3531 99
