2552 3866
171 241 231 312 150
513 254 543 303 c.
559 255 654 302 nurus
669 255 818 304 sponsor

169 409 215 470 ulia
236 417 382 486 mutatque
406 425 510 468 nomen
530 419 559 470 et
581 405 688 470 etesias
703 419 831 470 vocatur.
862 425 934 487 ergo
952 426 1015 469 oum
1029 409 1165 486 frigidum

169 494 288 570 senties,
311 489 431 567 caveto3
444 510 489 560 ,ac
504 511 682 573 quacumque
701 494 797 572 aquilo
813 493 988 571 praedicitur
1003 502 1081 552 tanto
1098 512 1164 571 per-

126 585 179 642 ³36
191 577 329 636 niciosior
352 581 513 655 septentrio
529 587 582 637 est.
606 576 651 650 ¹ln
668 578 744 637 bunc
759 577 864 652 Asiae,
887 575 1043 655 Graeciae,
1062 577 1164 655 Hispa-

168 662 249 736 niae,
264 660 421 719 maritimae
436 660 547 738 ltaliae,
566 659 751 740 Campaniae,
774 660 898 740 Apuliae
916 660 1032 720 arbusta
1047 661 1164 734 vineae-

170 762 226 826 que
249 752 405 822 spectent„
431 745 478 822 qui
498 745 584 805 maris
606 747 721 823 concipi
741 744 825 804 voles
846 746 874 802 in
895 742 971 803 bunc
985 746 1114 821 pascito,
1135 755 1189 804 uta

169 830 212 888 sie
227 828 372 890 ineuntem
386 829 473 887 ineat.
491 828 549 888 llx
565 829 689 888 adverso
706 828 847 904 aquilonis
863 827 899 886 ab
920 843 1028 886 occasu
1046 828 1166 888 brumali

168 911 286 975 Africus
298 911 392 987 flabit,
410 928 495 989 quern
509 911 614 974 Graeci
631 913 689 976 liba
702 920 816 970 vocant.
849 912 877 969 in
893 911 968 970 bunc
983 928 999 970 a
1012 913 1089 971 coitu
1103 929 1167 971 curn

126 1006 177 1062 337
187 1015 219 1055 se
230 1012 323 1073 pecus
335 997 547 1073 circumegerit,
556 996 676 1056 feminas
688 1003 847 1073 conceptas
859 1013 927 1054 esse
941 995 1025 1054 scito.
1047 995 1087 1074 [a]
1096 995 1166 1055 Ter·

164 1081 208 1146 vtia
227 1097 244 1138 a
263 1080 462 1157 septentrione
476 1080 559 1157 linia,
583 1089 666 1158 quam
687 1095 742 1158 per
755 1077 932 1138 latitudinem
950 1076 1068 1138 umbrae
1083 1079 1165 1138 ‹luxi-

167 1183 232 1223 mns
244 1171 274 1223 st
286 1162 472 1224 decumanam
482 1165 667 1240 vocavimus,
691 1171 823 1221 exortum
841 1161 959 1222 babebit
970 1163 1165 1240 aequinoctia·
1177 1179 1200 1218 ιι

170 1248 227 1316 lem
248 1255 424 1325 ventumque
452 1247 654 1322 subsolanum,
680 1243 800 1306 Graecis
820 1245 968 1323 apelioten
989 1246 1103 1305 dictum.
1137 1247 1167 1303 in

169 1333 244 1394 breue
259 1330 423 1391 salubribus
442 1331 515 1390 locis
526 1330 619 1389 villae
615 1331 795 1411 vineaeque
814 1337 957 1406 spectent
983 1329 1047 1407 ipse
1064 1329 1166 1388 leniter

75 1469 78 1477 .
141 1399 298 1496 '‘pluvius,
326 1413 421 1474 tamen
450 1421 495 1472 est
521 1414 627 1472 siccior
651 1413 799 1488 favonius,
834 1430 872 1471 err
899 1412 1022 1472 adverso
1048 1412 1166 1472 eiusab

169 1497 372 1576 aequinoctiali
395 1512 519 1573 occasu,
543 1496 688 1574 zephyrus
704 1496 822 1557 Graecis
842 1497 1013 1556 nominatus.
1044 1497 1072 1555 in
1092 1497 1167 1555 bunc

168 1592 306 1661 spectare
321 1581 429 1642 oliveta
446 1578 518 1640 Cato
537 1580 629 1641 iussit.
659 1581 707 1640 bic
725 1596 779 1639 ver
801 1579 918 1640 inchoat
939 1581 1091 1658 aperitque
1108 1590 1201 1639 ter-1⁵
1226 1593 1229 1600 ’

168 1685 217 1728 ras
231 1668 310 1726 tenni
325 1666 435 1744 frigore
449 1664 577 1739 saluber,
590 1665 637 1723 hic
651 1664 717 1722 vitis
734 1664 850 1743 putandi
865 1664 1023 1743 frugesque
1038 1664 1166 1739 curandi,

151 1751 291 1812 arbores
313 1749 446 1823 serendi,
465 1765 553 1848 poma
576 1747 737 1823 inserendi,
762 1748 844 1808 oleas
863 1748 1037 1808 tractandi
1029 1766 1072 1808 rus
1090 1747 1168 1807 dabit

127 1844 180 1900 338
190 1833 352 1911 adflatuque
369 1833 519 1891 nutricium
535 1832 694 1891 exercebit.
719 1830 826 1904 Quarta
841 1849 857 1891 a
874 1833 1071 1910 septentrione
1087 1831 1165 1906 linia,

170 1917 271 1978 eadem
286 1925 384 1974 austro
400 1915 438 1973 ab
452 1916 583 1974 exortiva
598 1924 679 1992 parte
695 1932 852 1994 proxuma,
871 1914 1029 1975 brumalem
1049 1914 1167 1975 babebit

170 2007 300 2060 exortum
308 2007 487 2075 ,ventumque
507 1998 683 2074 volturnum,
708 2017 808 2058 eurum
828 1997 948 2060 Graccis
970 1998 1133 2076 ‹lictum,'
1110 2017 1201 2059 erc-ro

170 2084 278 2142 cionem
301 2091 330 2141 et
353 2083 446 2160 ipsum
466 2082 707 2163 tepidioremque.
738 2083 767 2141 in
787 2082 863 2142 buno
883 2083 992 2160 apiaria
1014 2092 1043 2142 et
1060 2085 1165 2142 vineae

169 2165 276 2226 ltaliae
293 2164 505 2245 Galliarumque
527 2175 664 2244 spectare
688 2165 803 2227 debent.
836 2183 874 2225 ex
895 2166 1019 2226 adverso
1042 2167 1167 2226 volturni
1265 2169 1266 2222 l

168 2249 247 2330 flabit
261 2264 358 2326 corus,
373 2249 409 2308 ab
426 2267 533 2310 occasu
548 2249 692 2309 solstitiali
707 2259 737 2309 st
751 2249 925 2309 occidentali
941 2250 1033 2309 latere
1048 2261 1166 2328 septen-

168 2335 286 2409 trionis,
309 2332 429 2393 Grae'cis
443 2334 535 2393 dictus
551 2342 694 2410 argestes,
713 2349 750 2390 ex
765 2332 958 2408 frigidissimis
974 2336 1093 2412 etipse,
1110 2335 1166 2393 sic·

126 2425 177 2485 339
189 2428 218 2478 ut
235 2433 336 2475 omnes
353 2419 401 2495 qui
422 2434 438 2475 a
460 2416 670 2494 septentrionis·
684 2423 766 2492 parte
784 2417 903 2494 spirant.
937 2416 985 2475 bic
1003 2425 1032 2475 et
1052 2417 1164 2494 grandi·
1175 2432 1201 2471 aa
1264 2477 1265 2480 ,

169 2519 221 2561 nes
236 2498 338 2576 infert,
365 2499 510 2558 cavendus
532 2507 561 2557 et
583 2499 647 2576 ipse
666 2515 723 2557 non
738 2513 825 2558 secus
846 2517 881 2559 ac
903 2501 1072 2578 septentrio.
1103 2501 1166 2560 vol·
1264 2487 1265 2540 l

169 2594 268 2643 turnus
293 2578 355 2641 sia
376 2599 481 2641 serena
504 2582 578 2641 caeli
600 2590 682 2660 parte
706 2584 838 2661 coeperit
860 2582 947 2658 flare,
974 2598 1032 2642 non
1053 2583 1165 2644 durabit

168 2669 197 2726 in
214 2675 345 2740 noctem,
369 2675 398 2725 at
414 2661 586 2725 subsolanus
608 2667 637 2723 in
654 2665 791 2726 maiorem
811 2675 922 2744 partem
943 2669 1038 2726 noctis
1064 2677 1164 2726 exten·

169 2750 252 2810 ulitur.
283 2749 411 2828 quisquis
433 2750 487 2809 erit
506 2757 625 2825 ventus,
649 2750 674 2808 sl
694 2749 823 2810 fervidus
846 2751 1001 2827 sentietur,
1033 2749 1164 2830 pluribus

170 2833 271 2895 diebus
292 2834 482 2912 permanebit.
517 2794 680 2913 aquilobem
702 2832 882 2912 praenuntiat
902 2841 981 2894 terra
996 2835 1201 2894 siccescensao

159 2926 309 2998 repento,
339 2927 466 2977 austrum
480 2933 632 2981 umescens
649 2933 717 2976 rore
734 2914 860 2975 occulto.

126 3011 179 3065 340
243 3002 293 3063 35
317 3001 402 3080 (78.)
425 2999 537 3060 Etenim
557 3001 706 3078 praedicta
726 3006 877 3058 ventorum
898 3001 1025 3075 ratione,
1045 3017 1082 3058 ne
1096 3019 1164 3060 ··sae

170 3086 234 3164 pius
249 3085 350 3145 eadem
366 3084 510 3183 qieantur,
533 3085 656 3144 transire
671 3083 805 3142 convenit
826 3083 862 3143 aul
876 3083 987 3161 reliqua
1008 3092 1164 3162 tempesta·
1263 3089 1264 3114 ¹

169 3179 227 3228 tum
246 3169 414 3245 praesagia,
436 3168 574 3244 quoniam
595 3177 625 3226 et
645 3167 702 3226 buc
728 3165 873 3244 placuisse
895 3166 1026 3243 Vergilio
1046 3185 1163 3245 magno

167 3269 241 3331 pere
256 3251 358 3327 video,
380 3251 543 3331 siquidem
534 3269 562 3309 ιιι
579 3251 642 3329 ipsa
661 3267 757 3309 messe
783 3267 872 3330 saepe
888 3265 1063 3312 concurrere
1061 3267 1162 3329 proe·
1174 3266 1201 3309 ss

126 3346 183 3400 341
188 3335 226 3393 lia
246 3295 395 3394 ventorbm
409 3335 545 3394 damnosa
562 3334 694 3413 inperitis
710 3334 811 3393 refert
840 3334 954 3394 tradunt
969 3335 1089 3395 eundem
1104 3333 1163 3394 De·

168 3417 317 3478 moenitum
343 3427 469 3478 metente
494 3417 584 3478 fratre
614 3417 676 3475 eius
700 3416 826 3477 Damaso
856 3418 1055 3478 ardentissimo
1080 3430 1164 3479 aestu

170 3510 323 3560 orassent
345 3503 474 3580 reliquae
495 3503 590 3578 segeti
611 3510 747 3578 parceret
769 3511 945 3581 raperetque
966 3501 1086 3562 desecta
1108 3504 1164 3563 sub
1262 3485 1263 3520 ¹
