<?xml version="1.0" encoding="UTF-8"?>
<!DOCTYPE html PUBLIC "-//W3C//DTD XHTML 1.0 Transitional//EN"
    "http://www.w3.org/TR/xhtml1/DTD/xhtml1-transitional.dtd">
<html xmlns="http://www.w3.org/1999/xhtml" xml:lang="en" lang="en">
 <head>
  <title>
</title>
<meta http-equiv="Content-Type" content="text/html;charset=utf-8" />
  <meta name='ocr-system' content='tesseract 3.04.00' />
  <meta name='ocr-capabilities' content='ocr_page ocr_carea ocr_par ocr_line ocrx_word'/>
</head>
<body>
  <div class='ocr_page' id='page_1' title='image "./cplinisecundina23plingoog_0311.png"; bbox 0 0 2538 3864; ppageno 0'>
   <div class='ocr_carea' id='block_1_1' title="bbox 144 179 827 277">
    <p class='ocr_par' dir='ltr' id='par_1_1' title="bbox 144 179 827 277">
     <span class='ocr_line' id='line_1_1' title="bbox 144 179 827 277; baseline -0.007 0"><span class='ocrx_word' id='word_1_1' title='bbox 144 237 152 256; x_wconf 93' lang='lat'><strong>·</strong></span> <span class='ocrx_word' id='word_1_2' title='bbox 173 215 234 277; x_wconf 82' lang='lat'><strong>254</strong></span> <span class='ocrx_word' id='word_1_3' title='bbox 487 243 492 256; x_wconf 71' lang='lat'>=</span> <span class='ocrx_word' id='word_1_4' title='bbox 518 179 827 274; x_wconf 72' lang='lat' dir='ltr'><strong>commonacum</strong></span> 
     </span>
    </p>
   </div>
   <div class='ocr_carea' id='block_1_2' title="bbox 24 378 1245 3562">
    <p class='ocr_par' dir='ltr' id='par_1_2' title="bbox 24 378 1245 3562">
     <span class='ocr_line' id='line_1_2' title="bbox 173 378 1169 464; baseline -0.005 -20"><span class='ocrx_word' id='word_1_5' title='bbox 173 382 322 464; x_wconf 76' lang='lat' dir='ltr'><strong>porraceis</strong></span> <span class='ocrx_word' id='word_1_6' title='bbox 338 378 470 457; x_wconf 89' lang='lat' dir='ltr'><strong>exiliora,</strong></span> <span class='ocrx_word' id='word_1_7' title='bbox 486 381 515 440; x_wconf 90' lang='lat' dir='ltr'><strong>in</strong></span> <span class='ocrx_word' id='word_1_8' title='bbox 531 379 678 441; x_wconf 72' lang='lat' dir='ltr'><strong>cacumine</strong></span> <span class='ocrx_word' id='word_1_9' title='bbox 692 383 807 456; x_wconf 90' lang='lat' dir='ltr'><strong>minuta,</strong></span> <span class='ocrx_word' id='word_1_10' title='bbox 823 381 897 441; x_wconf 89' lang='lat' dir='ltr'><strong>iuter</strong></span> <span class='ocrx_word' id='word_1_11' title='bbox 908 395 984 459; x_wconf 89' lang='lat' dir='ltr'><strong>quac</strong></span> <span class='ocrx_word' id='word_1_12' title='bbox 1002 397 1101 441; x_wconf 88' lang='lat' dir='ltr'><strong>semen</strong></span> <span class='ocrx_word' id='word_1_13' title='bbox 1117 389 1169 440; x_wconf 88' lang='lat' dir='ltr'><strong>est.</strong></span> 
     </span>
     <span class='ocr_line' id='line_1_3' title="bbox 174 464 1244 544; baseline -0.007 -16"><span class='ocrx_word' id='word_1_14' title='bbox 174 468 256 528; x_wconf 82' lang='lat' dir='ltr'><strong>radix</strong></span> <span class='ocrx_word' id='word_1_15' title='bbox 278 465 375 524; x_wconf 84' lang='lat' dir='ltr'><strong>olivae</strong></span> <span class='ocrx_word' id='word_1_16' title='bbox 395 465 495 542; x_wconf 84' lang='lat' dir='ltr'><strong>nigrae</strong></span> <span class='ocrx_word' id='word_1_17' title='bbox 511 465 626 543; x_wconf 88' lang='lat' dir='ltr'><strong>similis,</strong></span> <span class='ocrx_word' id='word_1_18' title='bbox 649 482 748 542; x_wconf 83' lang='lat' dir='ltr'><strong>quana,</strong></span> <span class='ocrx_word' id='word_1_19' title='bbox 770 483 833 524; x_wconf 89' lang='lat' dir='ltr'><strong>cunr</strong></span> <span class='ocrx_word' id='word_1_20' title='bbox 856 464 984 543; x_wconf 91' lang='lat' dir='ltr'><strong>oblonga</strong></span> <span class='ocrx_word' id='word_1_21' title='bbox 1000 474 1061 539; x_wconf 91' lang='lat' dir='ltr'><strong>est,</strong></span> <span class='ocrx_word' id='word_1_22' title='bbox 1084 482 1169 544; x_wconf 88' lang='lat' dir='ltr'><strong>cype·</strong></span> <span class='ocrx_word' id='word_1_23' title='bbox 1243 484 1244 520; x_wconf 84' lang='lat' dir='ltr'><strong>t</strong></span> 
     </span>
     <span class='ocr_line' id='line_1_4' title="bbox 174 548 1171 631; baseline -0.004 -20"><span class='ocrx_word' id='word_1_24' title='bbox 174 552 236 612; x_wconf 90' lang='lat' dir='ltr'><strong>rida</strong></span> <span class='ocrx_word' id='word_1_25' title='bbox 258 556 384 624; x_wconf 88' lang='lat' dir='ltr'><strong>vocant,</strong></span> <span class='ocrx_word' id='word_1_26' title='bbox 413 551 507 626; x_wconf 81' lang='lat' dir='ltr'><strong>magni</strong></span> <span class='ocrx_word' id='word_1_27' title='bbox 530 551 559 608; x_wconf 92' lang='lat' dir='ltr'><strong>in</strong></span> <span class='ocrx_word' id='word_1_28' title='bbox 578 548 719 611; x_wconf 88' lang='lat' dir='ltr'><strong>medicina</strong></span> <span class='ocrx_word' id='word_1_29' title='bbox 739 568 818 610; x_wconf 90' lang='lat' dir='ltr'><strong>usus.</strong></span> <span class='ocrx_word' id='word_1_30' title='bbox 852 549 1060 631; x_wconf 84' lang='lat' dir='ltr'><strong>hauscypero</strong></span> <span class='ocrx_word' id='word_1_31' title='bbox 1083 551 1171 627; x_wconf 83' lang='lat' dir='ltr'><strong>prima</strong></span> 
     </span>
     <span class='ocr_line' id='line_1_5' title="bbox 172 629 1244 710; baseline -0.008 -15"><span class='ocrx_word' id='word_1_32' title='bbox 172 633 396 709; x_wconf 87' lang='lat' dir='ltr'><strong>Hammoniaco,</strong></span> <span class='ocrx_word' id='word_1_33' title='bbox 424 632 551 708; x_wconf 73' lang='lat' dir='ltr'><strong>secunda</strong></span> <span class='ocrx_word' id='word_1_34' title='bbox 573 629 704 710; x_wconf 85' lang='lat' dir='ltr'><strong>Rhodio,</strong></span> <span class='ocrx_word' id='word_1_35' title='bbox 731 635 815 694; x_wconf 92' lang='lat' dir='ltr'><strong>tertia</strong></span> <span class='ocrx_word' id='word_1_36' title='bbox 843 633 992 710; x_wconf 78' lang='lat' dir='ltr'>Theraeo,</span> <span class='ocrx_word' id='word_1_37' title='bbox 1018 633 1172 693; x_wconf 85' lang='lat' dir='ltr'><strong>novissima</strong></span> <span class='ocrx_word' id='word_1_38' title='bbox 1243 635 1244 686; x_wconf 84' lang='lat' dir='ltr'><strong>t</strong></span> 
     </span>
     <span class='ocr_line' id='line_1_6' title="bbox 172 717 1191 797; baseline -0.002 -19"><span class='ocrx_word' id='word_1_39' title='bbox 172 719 336 797; x_wconf 85' lang='lat' dir='ltr'><strong>Aegyptio,</strong></span> <span class='ocrx_word' id='word_1_40' title='bbox 352 717 430 796; x_wconf 93' lang='lat' dir='ltr'><strong>quod</strong></span> <span class='ocrx_word' id='word_1_41' title='bbox 446 727 475 777; x_wconf 88' lang='lat' dir='ltr'><strong>et</strong></span> <span class='ocrx_word' id='word_1_42' title='bbox 490 717 637 777; x_wconf 84' lang='lat' dir='ltr'><strong>confundit</strong></span> <span class='ocrx_word' id='word_1_43' title='bbox 649 717 846 794; x_wconf 86' lang='lat' dir='ltr'><strong>intellectum,</strong></span> <span class='ocrx_word' id='word_1_44' title='bbox 862 718 995 796; x_wconf 90' lang='lat' dir='ltr'><strong>quoniam</strong></span> <span class='ocrx_word' id='word_1_45' title='bbox 1011 727 1040 777; x_wconf 92' lang='lat' dir='ltr'><strong>et</strong></span> <span class='ocrx_word' id='word_1_46' title='bbox 1056 719 1191 795; x_wconf 76' lang='lat' dir='ltr'><strong>cypirost</strong></span> 
     </span>
     <span class='ocr_line' id='line_1_7' title="bbox 173 800 1172 881; baseline -0.005 -18"><span class='ocrx_word' id='word_1_47' title='bbox 173 803 213 863; x_wconf 94' lang='lat' dir='ltr'><strong>ibi</strong></span> <span class='ocrx_word' id='word_1_48' title='bbox 233 803 370 862; x_wconf 92' lang='lat' dir='ltr'><strong>nascitur.</strong></span> <span class='ocrx_word' id='word_1_49' title='bbox 410 800 463 861; x_wconf 88' lang='lat' dir='ltr'><strong>sed</strong></span> <span class='ocrx_word' id='word_1_50' title='bbox 484 803 603 881; x_wconf 75' lang='lat' dir='ltr'><strong>cypiros</strong></span> <span class='ocrx_word' id='word_1_51' title='bbox 619 800 770 862; x_wconf 89' lang='lat' dir='ltr'><strong>durissima</strong></span> <span class='ocrx_word' id='word_1_52' title='bbox 787 805 895 881; x_wconf 85' lang='lat' dir='ltr'><strong>vixque</strong></span> <span class='ocrx_word' id='word_1_53' title='bbox 913 803 1043 881; x_wconf 75' lang='lat' dir='ltr'><strong>spirans,</strong></span> <span class='ocrx_word' id='word_1_54' title='bbox 1066 801 1172 861; x_wconf 90' lang='lat' dir='ltr'><strong>ceteris</strong></span> 
     </span>
     <span class='ocr_line' id='line_1_8' title="bbox 173 883 1174 964; baseline -0.004 -17"><span class='ocrx_word' id='word_1_55' title='bbox 173 887 247 947; x_wconf 92' lang='lat' dir='ltr'><strong>odor</strong></span> <span class='ocrx_word' id='word_1_56' title='bbox 273 895 302 946; x_wconf 90' lang='lat' dir='ltr'><strong>et</strong></span> <span class='ocrx_word' id='word_1_57' title='bbox 323 887 394 964; x_wconf 90' lang='lat' dir='ltr'><strong>ipsis</strong></span> <span class='ocrx_word' id='word_1_58' title='bbox 420 885 539 946; x_wconf 88' lang='lat' dir='ltr'><strong>nardum</strong></span> <span class='ocrx_word' id='word_1_59' title='bbox 557 887 680 946; x_wconf 89' lang='lat' dir='ltr'><strong>imitans.</strong></span> <span class='ocrx_word' id='word_1_60' title='bbox 715 890 765 945; x_wconf 83' lang='lat' dir='ltr'><strong>Est</strong></span> <span class='ocrx_word' id='word_1_61' title='bbox 789 895 817 946; x_wconf 89' lang='lat' dir='ltr'><strong>et</strong></span> <span class='ocrx_word' id='word_1_62' title='bbox 838 901 892 964; x_wconf 89' lang='lat' dir='ltr'><strong>per</strong></span> <span class='ocrx_word' id='word_1_63' title='bbox 912 904 945 946; x_wconf 93' lang='lat' dir='ltr'><strong>se</strong></span> <span class='ocrx_word' id='word_1_64' title='bbox 965 885 1064 946; x_wconf 90' lang='lat' dir='ltr'><strong>ludica</strong></span> <span class='ocrx_word' id='word_1_65' title='bbox 1083 883 1174 945; x_wconf 89' lang='lat' dir='ltr'><strong>herba</strong></span> 
     </span>
     <span class='ocr_line' id='line_1_9' title="bbox 174 968 1174 1049; baseline -0.006 -18"><span class='ocrx_word' id='word_1_66' title='bbox 174 989 248 1049; x_wconf 88' lang='lat' dir='ltr'><strong>quae</strong></span> <span class='ocrx_word' id='word_1_67' title='bbox 267 972 366 1049; x_wconf 89' lang='lat' dir='ltr'><strong>cypira</strong></span> <span class='ocrx_word' id='word_1_68' title='bbox 381 978 518 1046; x_wconf 84' lang='lat' dir='ltr'><strong>vocatur,</strong></span> <span class='ocrx_word' id='word_1_69' title='bbox 538 969 696 1047; x_wconf 82' lang='lat' dir='ltr'><strong>qingiberis</strong></span> <span class='ocrx_word' id='word_1_70' title='bbox 713 970 821 1048; x_wconf 87' lang='lat' dir='ltr'><strong>effigie.</strong></span> <span class='ocrx_word' id='word_1_71' title='bbox 854 971 1078 1031; x_wconf 79' lang='lat' dir='ltr'><strong>conmanducata</strong></span> <span class='ocrx_word' id='word_1_72' title='bbox 1095 968 1174 1030; x_wconf 90' lang='lat' dir='ltr'><strong>croci</strong></span> 
     </span>
     <span class='ocr_line' id='line_1_10' title="bbox 131 1051 1174 1134; baseline -0.001 -20"><span class='ocrx_word' id='word_1_73' title='bbox 131 1065 182 1120; x_wconf 82' lang='grc'><strong>118</strong></span> <span class='ocrx_word' id='word_1_74' title='bbox 190 1056 247 1120; x_wconf 78' lang='lat' dir='ltr'><strong>vini</strong></span> <span class='ocrx_word' id='word_1_75' title='bbox 262 1054 365 1116; x_wconf 89' lang='lat' dir='ltr'><strong>reddit.</strong></span> <span class='ocrx_word' id='word_1_76' title='bbox 399 1051 516 1133; x_wconf 86' lang='lat' dir='ltr'><strong>Gypero</strong></span> <span class='ocrx_word' id='word_1_77' title='bbox 528 1055 573 1113; x_wconf 87' lang='lat' dir='ltr'><strong>vis</strong></span> <span class='ocrx_word' id='word_1_78' title='bbox 588 1056 617 1112; x_wconf 90' lang='lat' dir='ltr'><strong>in</strong></span> <span class='ocrx_word' id='word_1_79' title='bbox 628 1055 770 1115; x_wconf 87' lang='lat' dir='ltr'><strong>medicina</strong></span> <span class='ocrx_word' id='word_1_80' title='bbox 783 1054 906 1134; x_wconf 89' lang='lat' dir='ltr'><strong>psilotri.</strong></span> <span class='ocrx_word' id='word_1_81' title='bbox 937 1055 1062 1115; x_wconf 78' lang='lat' dir='ltr'><strong>inlinitur</strong></span> <span class='ocrx_word' id='word_1_82' title='bbox 1076 1062 1174 1132; x_wconf 89' lang='lat' dir='ltr'><strong>ptery-</strong></span> 
     </span>
     <span class='ocr_line' id='line_1_11' title="bbox 171 1135 1244 1218; baseline -0.003 -20"><span class='ocrx_word' id='word_1_83' title='bbox 171 1141 227 1216; x_wconf 88' lang='lat' dir='ltr'><strong>giis</strong></span> <span class='ocrx_word' id='word_1_84' title='bbox 244 1135 448 1213; x_wconf 85' lang='lat' dir='ltr'><strong>ulceribusque</strong></span> <span class='ocrx_word' id='word_1_85' title='bbox 467 1138 635 1214; x_wconf 76' lang='lat' dir='ltr'><strong>genitalium</strong></span> <span class='ocrx_word' id='word_1_86' title='bbox 652 1147 681 1197; x_wconf 92' lang='lat' dir='ltr'><strong>et</strong></span> <span class='ocrx_word' id='word_1_87' title='bbox 699 1157 774 1218; x_wconf 92' lang='lat' dir='ltr'><strong>quae</strong></span> <span class='ocrx_word' id='word_1_88' title='bbox 790 1141 818 1198; x_wconf 95' lang='lat' dir='ltr'><strong>in</strong></span> <span class='ocrx_word' id='word_1_89' title='bbox 833 1155 933 1200; x_wconf 89' lang='lat' dir='ltr'><strong>umore</strong></span> <span class='ocrx_word' id='word_1_90' title='bbox 953 1147 1017 1198; x_wconf 90' lang='lat' dir='ltr'><strong>sunt</strong></span> <span class='ocrx_word' id='word_1_91' title='bbox 1031 1137 1173 1212; x_wconf 87' lang='lat' dir='ltr'><strong>omnibus,</strong></span> <span class='ocrx_word' id='word_1_92' title='bbox 1183 1155 1204 1196; x_wconf 87' lang='grc' dir='ltr'><strong>ιι</strong></span> <span class='ocrx_word' id='word_1_93' title='bbox 1243 1147 1244 1166; x_wconf 45' lang='lat' dir='ltr'><strong>i</strong></span> 
     </span>
     <span class='ocr_line' id='line_1_12' title="bbox 173 1218 1174 1301; baseline -0.001 -20"><span class='ocrx_word' id='word_1_94' title='bbox 173 1225 247 1281; x_wconf 92' lang='lat' dir='ltr'><strong>sicut</strong></span> <span class='ocrx_word' id='word_1_95' title='bbox 260 1223 320 1279; x_wconf 92' lang='lat' dir='ltr'><strong>oris</strong></span> <span class='ocrx_word' id='word_1_96' title='bbox 339 1218 495 1281; x_wconf 81' lang='lat' dir='ltr'><strong>ulceribus.</strong></span> <span class='ocrx_word' id='word_1_97' title='bbox 519 1222 603 1283; x_wconf 87' lang='lat' dir='ltr'><strong>radix</strong></span> <span class='ocrx_word' id='word_1_98' title='bbox 616 1222 756 1283; x_wconf 86' lang='lat' dir='ltr'><strong>adversus</strong></span> <span class='ocrx_word' id='word_1_99' title='bbox 772 1225 948 1301; x_wconf 90' lang='lat' dir='ltr'><strong>serpentium</strong></span> <span class='ocrx_word' id='word_1_100' title='bbox 960 1225 1034 1283; x_wconf 91' lang='lat' dir='ltr'><strong>ictus</strong></span> <span class='ocrx_word' id='word_1_101' title='bbox 1049 1231 1078 1282; x_wconf 91' lang='lat' dir='ltr'><strong>et</strong></span> <span class='ocrx_word' id='word_1_102' title='bbox 1093 1239 1174 1282; x_wconf 90' lang='lat' dir='ltr'><strong>scor·</strong></span> 
     </span>
     <span class='ocr_line' id='line_1_13' title="bbox 171 1305 1176 1388; baseline 0 -25"><span class='ocrx_word' id='word_1_103' title='bbox 171 1307 287 1388; x_wconf 79' lang='lat' dir='ltr'><strong>pienum</strong></span> <span class='ocrx_word' id='word_1_104' title='bbox 304 1305 468 1383; x_wconf 90' lang='lat' dir='ltr'><strong>praesentis</strong></span> <span class='ocrx_word' id='word_1_105' title='bbox 488 1306 598 1364; x_wconf 88' lang='lat' dir='ltr'><strong>remedi</strong></span> <span class='ocrx_word' id='word_1_106' title='bbox 620 1313 674 1362; x_wconf 92' lang='lat' dir='ltr'><strong>est.</strong></span> <span class='ocrx_word' id='word_1_107' title='bbox 705 1305 810 1365; x_wconf 87' lang='lat' dir='ltr'><strong>volvas</strong></span> <span class='ocrx_word' id='word_1_108' title='bbox 830 1307 923 1383; x_wconf 92' lang='lat' dir='ltr'><strong>aperit</strong></span> <span class='ocrx_word' id='word_1_109' title='bbox 944 1315 1022 1383; x_wconf 91' lang='lat' dir='ltr'><strong>pota.</strong></span> <span class='ocrx_word' id='word_1_110' title='bbox 1056 1306 1176 1384; x_wconf 79' lang='lat' dir='ltr'><strong>largiori</strong></span> 
     </span>
     <span class='ocr_line' id='line_1_14' title="bbox 173 1385 1175 1465; baseline -0.001 -15"><span class='ocrx_word' id='word_1_111' title='bbox 173 1387 249 1451; x_wconf 88' lang='lat' dir='ltr'><strong>tanta</strong></span> <span class='ocrx_word' id='word_1_112' title='bbox 266 1385 311 1446; x_wconf 81' lang='lat' dir='ltr'><strong>vis</strong></span> <span class='ocrx_word' id='word_1_113' title='bbox 327 1396 356 1446; x_wconf 96' lang='grc' dir='ltr'><strong>ιιι</strong></span> <span class='ocrx_word' id='word_1_114' title='bbox 373 1386 503 1465; x_wconf 89' lang='lat' dir='ltr'><strong>expellat</strong></span> <span class='ocrx_word' id='word_1_115' title='bbox 523 1402 582 1446; x_wconf 89' lang='lat' dir='ltr'><strong>eas.</strong></span> <span class='ocrx_word' id='word_1_116' title='bbox 614 1387 723 1446; x_wconf 88' lang='lat' dir='ltr'><strong>urinam</strong></span> <span class='ocrx_word' id='word_1_117' title='bbox 740 1389 798 1446; x_wconf 89' lang='lat' dir='ltr'><strong>ciet</strong></span> <span class='ocrx_word' id='word_1_118' title='bbox 813 1397 842 1448; x_wconf 92' lang='lat' dir='ltr'><strong>et</strong></span> <span class='ocrx_word' id='word_1_119' title='bbox 857 1388 1004 1464; x_wconf 90' lang='lat' dir='ltr'><strong>calculos,</strong></span> <span class='ocrx_word' id='word_1_120' title='bbox 1022 1388 1060 1449; x_wconf 95' lang='lat' dir='ltr'><strong>ob</strong></span> <span class='ocrx_word' id='word_1_121' title='bbox 1075 1389 1104 1448; x_wconf 93' lang='lat' dir='ltr'><strong>id</strong></span> <span class='ocrx_word' id='word_1_122' title='bbox 1125 1389 1175 1449; x_wconf 89' lang='lat' dir='ltr'><strong>uti·</strong></span> 
     </span>
     <span class='ocr_line' id='line_1_15' title="bbox 173 1469 1215 1552; baseline -0.001 -20"><span class='ocrx_word' id='word_1_123' title='bbox 173 1473 280 1532; x_wconf 90' lang='lat' dir='ltr'><strong>lissima</strong></span> <span class='ocrx_word' id='word_1_124' title='bbox 300 1470 478 1548; x_wconf 76' lang='lat' dir='ltr'><strong>hydropicis.</strong></span> <span class='ocrx_word' id='word_1_125' title='bbox 510 1469 636 1530; x_wconf 91' lang='lat' dir='ltr'><strong>inlinitur</strong></span> <span class='ocrx_word' id='word_1_126' title='bbox 658 1479 688 1528; x_wconf 94' lang='lat' dir='ltr'><strong>et</strong></span> <span class='ocrx_word' id='word_1_127' title='bbox 702 1469 850 1530; x_wconf 84' lang='lat' dir='ltr'><strong>ulceribus</strong></span> <span class='ocrx_word' id='word_1_128' title='bbox 869 1489 945 1551; x_wconf 88' lang='lat' dir='ltr'><strong>quae</strong></span> <span class='ocrx_word' id='word_1_129' title='bbox 963 1481 1100 1552; x_wconf 87' lang='lat' dir='ltr'><strong>serpunt,</strong></span> <span class='ocrx_word' id='word_1_130' title='bbox 1123 1471 1176 1532; x_wconf 89' lang='lat' dir='ltr'><strong>sed</strong></span> <span class='ocrx_word' id='word_1_131' title='bbox 1210 1505 1215 1516; x_wconf 88' lang='lat'>·</span> 
     </span>
     <span class='ocr_line' id='line_1_16' title="bbox 173 1553 1203 1635; baseline -0.005 -20"><span class='ocrx_word' id='word_1_132' title='bbox 173 1557 217 1616; x_wconf 90' lang='lat' dir='ltr'><strong>his</strong></span> <span class='ocrx_word' id='word_1_133' title='bbox 234 1556 395 1635; x_wconf 87' lang='lat' dir='ltr'><strong>praecipue</strong></span> <span class='ocrx_word' id='word_1_134' title='bbox 417 1568 493 1633; x_wconf 88' lang='lat' dir='ltr'><strong>quac</strong></span> <span class='ocrx_word' id='word_1_135' title='bbox 514 1555 542 1613; x_wconf 95' lang='lat' dir='ltr'><strong>in</strong></span> <span class='ocrx_word' id='word_1_136' title='bbox 563 1553 714 1613; x_wconf 84' lang='lat' dir='ltr'><strong>stomacho</strong></span> <span class='ocrx_word' id='word_1_137' title='bbox 736 1565 816 1635; x_wconf 88' lang='lat' dir='ltr'><strong>sunt,</strong></span> <span class='ocrx_word' id='word_1_138' title='bbox 839 1557 943 1616; x_wconf 79' lang='lat' dir='ltr'><strong>erico</strong></span> <span class='ocrx_word' id='word_1_139' title='bbox 961 1555 1010 1615; x_wconf 87' lang='lat' dir='ltr'><strong>vel</strong></span> <span class='ocrx_word' id='word_1_140' title='bbox 1031 1564 1117 1616; x_wconf 90' lang='lat' dir='ltr'><strong>aceto</strong></span> <span class='ocrx_word' id='word_1_141' title='bbox 1135 1558 1203 1615; x_wconf 79' lang='lat' dir='ltr'><strong>inu</strong></span> 
     </span>
     <span class='ocr_line' id='line_1_17' title="bbox 173 1640 870 1700; baseline -0.004 -1"><span class='ocrx_word' id='word_1_142' title='bbox 173 1640 233 1700; x_wconf 89' lang='lat' dir='ltr'><strong>lita.</strong></span> <span class='ocrx_word' id='word_1_143' title='bbox 860 1685 870 1696; x_wconf 42' lang='grc' dir='ltr'><em>Ι</em></span> 
     </span>
     <span class='ocr_line' id='line_1_18' title="bbox 132 1719 1176 1802; baseline -0.007 -13"><span class='ocrx_word' id='word_1_144' title='bbox 132 1734 183 1790; x_wconf 85' lang='grc'><strong>119</strong></span> <span class='ocrx_word' id='word_1_145' title='bbox 246 1721 329 1800; x_wconf 86' lang='grc'>(71.)</span> <span class='ocrx_word' id='word_1_146' title='bbox 358 1719 437 1780; x_wconf 93' lang='lat' dir='ltr'><strong>luuci</strong></span> <span class='ocrx_word' id='word_1_147' title='bbox 467 1722 551 1784; x_wconf 87' lang='lat' dir='ltr'><strong>radix</strong></span> <span class='ocrx_word' id='word_1_148' title='bbox 573 1721 602 1781; x_wconf 92' lang='lat' dir='ltr'><strong>in</strong></span> <span class='ocrx_word' id='word_1_149' title='bbox 626 1721 718 1781; x_wconf 92' lang='lat' dir='ltr'><strong>tribus</strong></span> <span class='ocrx_word' id='word_1_150' title='bbox 737 1723 858 1784; x_wconf 90' lang='lat' dir='ltr'><strong>heminis</strong></span> <span class='ocrx_word' id='word_1_151' title='bbox 880 1741 972 1802; x_wconf 90' lang='lat' dir='ltr'><strong>aquae</strong></span> <span class='ocrx_word' id='word_1_152' title='bbox 996 1725 1118 1785; x_wconf 91' lang='lat' dir='ltr'><strong>decocta</strong></span> <span class='ocrx_word' id='word_1_153' title='bbox 1141 1721 1176 1782; x_wconf 90' lang='lat' dir='ltr'><strong>ad</strong></span> 
     </span>
     <span class='ocr_line' id='line_1_19' title="bbox 24 1803 1244 1886; baseline -0.001 -20"><span class='ocrx_word' id='word_1_154' title='bbox 24 1803 25 1808; x_wconf 68' lang='grc'>’</span> <span class='ocrx_word' id='word_1_155' title='bbox 175 1809 275 1867; x_wconf 91' lang='lat' dir='ltr'><strong>tertias</strong></span> <span class='ocrx_word' id='word_1_156' title='bbox 296 1805 367 1865; x_wconf 90' lang='lat' dir='ltr'><strong>tussi</strong></span> <span class='ocrx_word' id='word_1_157' title='bbox 388 1805 528 1866; x_wconf 88' lang='lat' dir='ltr'><strong>medetur.</strong></span> <span class='ocrx_word' id='word_1_158' title='bbox 559 1823 657 1865; x_wconf 88' lang='lat' dir='ltr'><strong>semen</strong></span> <span class='ocrx_word' id='word_1_159' title='bbox 674 1814 780 1866; x_wconf 88' lang='lat' dir='ltr'><strong>tostum</strong></span> <span class='ocrx_word' id='word_1_160' title='bbox 797 1817 826 1868; x_wconf 90' lang='lat' dir='ltr'><strong>et</strong></span> <span class='ocrx_word' id='word_1_161' title='bbox 848 1808 876 1866; x_wconf 93' lang='lat' dir='ltr'><strong>in</strong></span> <span class='ocrx_word' id='word_1_162' title='bbox 892 1825 969 1886; x_wconf 88' lang='lat' dir='ltr'><strong>aqua</strong></span> <span class='ocrx_word' id='word_1_163' title='bbox 986 1817 1083 1886; x_wconf 90' lang='lat' dir='ltr'><strong>potum</strong></span> <span class='ocrx_word' id='word_1_164' title='bbox 1101 1808 1177 1866; x_wconf 94' lang='lat' dir='ltr'><strong>sistit</strong></span> <span class='ocrx_word' id='word_1_165' title='bbox 1243 1839 1244 1844; x_wconf 20' lang='grc' dir='ltr'><strong>κ</strong></span> 
     </span>
     <span class='ocr_line' id='line_1_20' title="bbox 175 1888 1174 1970; baseline 0.001 -20"><span class='ocrx_word' id='word_1_166' title='bbox 175 1899 203 1950; x_wconf 94' lang='lat' dir='ltr'><strong>et</strong></span> <span class='ocrx_word' id='word_1_167' title='bbox 218 1889 313 1948; x_wconf 90' lang='lat' dir='ltr'><strong>alvom</strong></span> <span class='ocrx_word' id='word_1_168' title='bbox 330 1897 359 1947; x_wconf 89' lang='lat' dir='ltr'><strong>et</strong></span> <span class='ocrx_word' id='word_1_169' title='bbox 372 1888 539 1950; x_wconf 83' lang='lat' dir='ltr'><strong>laminarum</strong></span> <span class='ocrx_word' id='word_1_170' title='bbox 551 1907 680 1966; x_wconf 78' lang='lat' dir='ltr'><strong>menses,</strong></span> <span class='ocrx_word' id='word_1_171' title='bbox 692 1891 794 1970; x_wconf 88' lang='lat' dir='ltr'><strong>capitis</strong></span> <span class='ocrx_word' id='word_1_172' title='bbox 810 1891 927 1951; x_wconf 92' lang='lat' dir='ltr'><strong>dolores</strong></span> <span class='ocrx_word' id='word_1_173' title='bbox 944 1892 1014 1952; x_wconf 87' lang='lat' dir='ltr'><strong>iacit</strong></span> <span class='ocrx_word' id='word_1_174' title='bbox 1026 1892 1073 1970; x_wconf 93' lang='lat' dir='ltr'><strong>qui</strong></span> <span class='ocrx_word' id='word_1_175' title='bbox 1087 1907 1174 1951; x_wconf 90' lang='lat' dir='ltr'><strong>voca·</strong></span> 
     </span>
     <span class='ocr_line' id='line_1_21' title="bbox 174 1969 1203 2053; baseline -0.002 -22"><span class='ocrx_word' id='word_1_176' title='bbox 174 1981 220 2031; x_wconf 90' lang='lat' dir='ltr'><strong>tur</strong></span> <span class='ocrx_word' id='word_1_177' title='bbox 235 1969 460 2032; x_wconf 89' lang='lat' dir='ltr'><strong>holoschoenus.</strong></span> <span class='ocrx_word' id='word_1_178' title='bbox 490 1990 566 2052; x_wconf 90' lang='lat' dir='ltr'><strong>quae</strong></span> <span class='ocrx_word' id='word_1_179' title='bbox 580 1991 720 2053; x_wconf 91' lang='lat' dir='ltr'><strong>proxuma</strong></span> <span class='ocrx_word' id='word_1_180' title='bbox 741 1985 806 2035; x_wconf 93' lang='lat' dir='ltr'><strong>sunt</strong></span> <span class='ocrx_word' id='word_1_181' title='bbox 821 1975 927 2036; x_wconf 89' lang='lat' dir='ltr'><strong>radicis</strong></span> <span class='ocrx_word' id='word_1_182' title='bbox 945 1975 1172 2037; x_wconf 90' lang='lat' dir='ltr'><strong>conmanducan·</strong></span> <span class='ocrx_word' id='word_1_183' title='bbox 1182 1985 1203 2028; x_wconf 82' lang='lat' dir='ltr'><strong>ro</strong></span> 
     </span>
     <span class='ocr_line' id='line_1_22' title="bbox 170 2054 1175 2122; baseline 0.004 -9"><span class='ocrx_word' id='word_1_184' title='bbox 170 2065 218 2113; x_wconf 90' lang='lat' dir='ltr'><strong>tur</strong></span> <span class='ocrx_word' id='word_1_185' title='bbox 243 2054 386 2114; x_wconf 89' lang='lat' dir='ltr'><strong>adversus</strong></span> <span class='ocrx_word' id='word_1_186' title='bbox 412 2073 583 2116; x_wconf 90' lang='lat' dir='ltr'><strong>araneorum</strong></span> <span class='ocrx_word' id='word_1_187' title='bbox 607 2075 729 2117; x_wconf 87' lang='lat' dir='ltr'><strong>morsus.</strong></span> <span class='ocrx_word' id='word_1_188' title='bbox 769 2061 884 2119; x_wconf 86' lang='lat' dir='ltr'><strong>invenio</strong></span> <span class='ocrx_word' id='word_1_189' title='bbox 913 2062 1065 2122; x_wconf 89' lang='lat' dir='ltr'><strong>etiamnum</strong></span> <span class='ocrx_word' id='word_1_190' title='bbox 1088 2075 1175 2120; x_wconf 88' lang='lat' dir='ltr'><strong>unum</strong></span> 
     </span>
     <span class='ocr_line' id='line_1_23' title="bbox 171 2137 1174 2219; baseline 0.01 -25"><span class='ocrx_word' id='word_1_191' title='bbox 171 2137 249 2195; x_wconf 90' lang='lat' dir='ltr'><strong>iunci</strong></span> <span class='ocrx_word' id='word_1_192' title='bbox 269 2153 362 2213; x_wconf 85' lang='lat' dir='ltr'><strong>genus</strong></span> <span class='ocrx_word' id='word_1_193' title='bbox 383 2140 461 2217; x_wconf 93' lang='lat' dir='ltr'><strong>quod</strong></span> <span class='ocrx_word' id='word_1_194' title='bbox 484 2142 631 2219; x_wconf 87' lang='lat' dir='ltr'><strong>euripicen</strong></span> <span class='ocrx_word' id='word_1_195' title='bbox 651 2151 765 2202; x_wconf 85' lang='lat' dir='ltr'><strong>vocant.</strong></span> <span class='ocrx_word' id='word_1_196' title='bbox 809 2144 891 2203; x_wconf 89' lang='lat' dir='ltr'><strong>huius</strong></span> <span class='ocrx_word' id='word_1_197' title='bbox 914 2147 1022 2206; x_wconf 90' lang='lat' dir='ltr'><strong>semine</strong></span> <span class='ocrx_word' id='word_1_198' title='bbox 1044 2162 1174 2206; x_wconf 88' lang='lat' dir='ltr'><strong>somnum</strong></span> 
     </span>
     <span class='ocr_line' id='line_1_24' title="bbox 173 2217 882 2304; baseline 0.013 -27"><span class='ocrx_word' id='word_1_199' title='bbox 173 2217 274 2294; x_wconf 90' lang='lat' dir='ltr'><strong>adlici,</strong></span> <span class='ocrx_word' id='word_1_200' title='bbox 290 2221 342 2279; x_wconf 90' lang='lat' dir='ltr'><strong>sed</strong></span> <span class='ocrx_word' id='word_1_201' title='bbox 358 2222 471 2281; x_wconf 87' lang='lat' dir='ltr'><strong>modurn</strong></span> <span class='ocrx_word' id='word_1_202' title='bbox 485 2224 656 2284; x_wconf 89' lang='lat' dir='ltr'><strong>servandum</strong></span> <span class='ocrx_word' id='word_1_203' title='bbox 668 2243 705 2284; x_wconf 91' lang='lat' dir='ltr'><strong>ne</strong></span> <span class='ocrx_word' id='word_1_204' title='bbox 719 2243 809 2304; x_wconf 91' lang='lat' dir='ltr'><strong>sopor</strong></span> <span class='ocrx_word' id='word_1_205' title='bbox 824 2227 882 2286; x_wconf 88' lang='lat' dir='ltr'><strong>liat.</strong></span> 
     </span>
     <span class='ocr_line' id='line_1_25' title="bbox 132 2301 1245 2392; baseline 0.009 -28"><span class='ocrx_word' id='word_1_206' title='bbox 132 2311 183 2364; x_wconf 82' lang='lat' dir='ltr'><strong>lto</strong></span> <span class='ocrx_word' id='word_1_207' title='bbox 243 2303 327 2384; x_wconf 77' lang='grc'>(72.)</span> <span class='ocrx_word' id='word_1_208' title='bbox 354 2301 456 2365; x_wconf 87' lang='lat' dir='ltr'><strong>Obiter</strong></span> <span class='ocrx_word' id='word_1_209' title='bbox 477 2315 506 2364; x_wconf 89' lang='lat' dir='ltr'><strong>et</strong></span> <span class='ocrx_word' id='word_1_210' title='bbox 522 2307 634 2368; x_wconf 92' lang='lat' dir='ltr'><strong>odorati</strong></span> <span class='ocrx_word' id='word_1_211' title='bbox 651 2308 726 2367; x_wconf 91' lang='lat' dir='ltr'><strong>iunci</strong></span> <span class='ocrx_word' id='word_1_212' title='bbox 740 2310 901 2370; x_wconf 87' lang='lat' dir='ltr'><strong>medicinae</strong></span> <span class='ocrx_word' id='word_1_213' title='bbox 917 2311 1062 2390; x_wconf 86' lang='lat' dir='ltr'><strong>dicentur,</strong></span> <span class='ocrx_word' id='word_1_214' title='bbox 1080 2329 1174 2392; x_wconf 88' lang='lat' dir='ltr'><strong>quon·</strong></span> <span class='ocrx_word' id='word_1_215' title='bbox 1244 2359 1245 2390; x_wconf 78' lang='lat'><strong>,</strong></span> 
     </span>
     <span class='ocr_line' id='line_1_26' title="bbox 132 2387 1245 2478; baseline 0.016 -40"><span class='ocrx_word' id='word_1_216' title='bbox 132 2387 273 2447; x_wconf 61' lang='lat' dir='ltr'><strong>iamiam</strong></span> <span class='ocrx_word' id='word_1_217' title='bbox 294 2394 322 2443; x_wconf 93' lang='lat' dir='ltr'><strong>et</strong></span> <span class='ocrx_word' id='word_1_218' title='bbox 343 2387 372 2444; x_wconf 92' lang='lat' dir='ltr'><strong>in</strong></span> <span class='ocrx_word' id='word_1_219' title='bbox 392 2387 600 2466; x_wconf 74' lang='lat' dir='ltr'><strong>syriacoele,</strong></span> <span class='ocrx_word' id='word_1_220' title='bbox 625 2399 655 2450; x_wconf 91' lang='grc' dir='ltr'><strong>ιιι</strong></span> <span class='ocrx_word' id='word_1_221' title='bbox 677 2408 730 2448; x_wconf 90' lang='lat' dir='ltr'><strong>suo</strong></span> <span class='ocrx_word' id='word_1_222' title='bbox 753 2392 821 2453; x_wconf 92' lang='lat' dir='ltr'><strong>loco</strong></span> <span class='ocrx_word' id='word_1_223' title='bbox 843 2395 1009 2472; x_wconf 86' lang='lat' dir='ltr'><strong>retulimus,</strong></span> <span class='ocrx_word' id='word_1_224' title='bbox 1033 2399 1201 2458; x_wconf 75' lang='lat' dir='ltr'><strong>nascituras</strong></span> <span class='ocrx_word' id='word_1_225' title='bbox 1244 2397 1245 2478; x_wconf 58' lang='grc' dir='ltr'>ᾗ</span> 
     </span>
     <span class='ocr_line' id='line_1_27' title="bbox 173 2468 1173 2560; baseline 0.012 -33"><span class='ocrx_word' id='word_1_226' title='bbox 173 2468 381 2528; x_wconf 87' lang='lat' dir='ltr'><strong>laudatissimus</strong></span> <span class='ocrx_word' id='word_1_227' title='bbox 407 2486 445 2529; x_wconf 92' lang='lat' dir='ltr'><strong>ex</strong></span> <span class='ocrx_word' id='word_1_228' title='bbox 472 2469 619 2532; x_wconf 87' lang='lat' dir='ltr'><strong>Nabataea</strong></span> <span class='ocrx_word' id='word_1_229' title='bbox 643 2478 814 2550; x_wconf 75' lang='lat' dir='ltr'><strong>cognomine</strong></span> <span class='ocrx_word' id='word_1_230' title='bbox 837 2477 995 2556; x_wconf 80' lang='lat' dir='ltr'><strong>teuclfitis,¹</strong></span> <span class='ocrx_word' id='word_1_231' title='bbox 1013 2498 1173 2560; x_wconf 87' lang='lat' dir='ltr'><strong>proxumus</strong></span> 
     </span>
     <span class='ocr_line' id='line_1_28' title="bbox 173 2549 1173 2638; baseline 0.013 -29"><span class='ocrx_word' id='word_1_232' title='bbox 173 2549 362 2626; x_wconf 73' lang='lat' dir='ltr'><strong>Babylonius,</strong></span> <span class='ocrx_word' id='word_1_233' title='bbox 388 2569 539 2628; x_wconf 90' lang='lat' dir='ltr'><strong>pessumus</strong></span> <span class='ocrx_word' id='word_1_234' title='bbox 565 2573 602 2613; x_wconf 90' lang='lat' dir='ltr'><strong>ex</strong></span> <span class='ocrx_word' id='word_1_235' title='bbox 625 2555 725 2616; x_wconf 82' lang='lat' dir='ltr'><strong>Africa</strong></span> <span class='ocrx_word' id='word_1_236' title='bbox 749 2577 783 2618; x_wconf 90' lang='lat' dir='ltr'><strong>ac</strong></span> <span class='ocrx_word' id='word_1_237' title='bbox 802 2562 865 2621; x_wconf 89' lang='lat' dir='ltr'><strong>sine</strong></span> <span class='ocrx_word' id='word_1_238' title='bbox 881 2561 990 2638; x_wconf 91' lang='lat' dir='ltr'><strong>odore,</strong></span> <span class='ocrx_word' id='word_1_239' title='bbox 1016 2574 1062 2624; x_wconf 90' lang='lat' dir='ltr'><strong>est</strong></span> <span class='ocrx_word' id='word_1_240' title='bbox 1076 2573 1173 2624; x_wconf 89' lang='lat' dir='ltr'><strong>autern</strong></span> 
     </span>
     <span class='ocr_line' id='line_1_29' title="bbox 172 2631 1173 2720; baseline 0.016 -28"><span class='ocrx_word' id='word_1_241' title='bbox 172 2631 325 2708; x_wconf 90' lang='lat' dir='ltr'><strong>rotundus,</strong></span> <span class='ocrx_word' id='word_1_242' title='bbox 344 2636 463 2694; x_wconf 79' lang='lat' dir='ltr'><strong>vinosae</strong></span> <span class='ocrx_word' id='word_1_243' title='bbox 478 2635 674 2699; x_wconf 83' lang='lat' dir='ltr'><strong>mordacitatis</strong></span> <span class='ocrx_word' id='word_1_244' title='bbox 690 2641 725 2700; x_wconf 91' lang='lat' dir='ltr'><strong>ad</strong></span> <span class='ocrx_word' id='word_1_245' title='bbox 741 2642 875 2720; x_wconf 87' lang='lat' dir='ltr'><strong>linguam.</strong></span> <span class='ocrx_word' id='word_1_246' title='bbox 908 2647 1038 2708; x_wconf 89' lang='lat' dir='ltr'><strong>sincerus</strong></span> <span class='ocrx_word' id='word_1_247' title='bbox 1057 2650 1086 2707; x_wconf 90' lang='lat' dir='ltr'><strong>in</strong></span> <span class='ocrx_word' id='word_1_248' title='bbox 1102 2666 1173 2708; x_wconf 92' lang='lat' dir='ltr'><strong>con·</strong></span> 
     </span>
     <span class='ocr_line' id='line_1_30' title="bbox 172 2687 1245 2804; baseline 0.02 -34"><span class='ocrx_word' id='word_1_249' title='bbox 172 2713 301 2774; x_wconf 77' lang='lat' dir='ltr'><strong>fricando</strong></span> <span class='ocrx_word' id='word_1_250' title='bbox 316 2716 435 2778; x_wconf 91' lang='lat' dir='ltr'><strong>odorem</strong></span> <span class='ocrx_word' id='word_1_251' title='bbox 449 2737 535 2781; x_wconf 88' lang='lat' dir='ltr'><strong>rosae</strong></span> <span class='ocrx_word' id='word_1_252' title='bbox 554 2724 653 2782; x_wconf 89' lang='lat' dir='ltr'><strong>emittit</strong></span> <span class='ocrx_word' id='word_1_253' title='bbox 668 2725 836 2787; x_wconf 89' lang='lat' dir='ltr'><strong>rubentibus</strong></span> <span class='ocrx_word' id='word_1_254' title='bbox 849 2726 1027 2804; x_wconf 86' lang='lat' dir='ltr'><strong>fragmentis.</strong></span> <span class='ocrx_word' id='word_1_255' title='bbox 1053 2732 1173 2791; x_wconf 89' lang='lat' dir='ltr'><strong>discutit</strong></span> <span class='ocrx_word' id='word_1_256' title='bbox 1244 2687 1245 2774; x_wconf 62' lang='lat' dir='ltr'><strong>l</strong></span> 
     </span>
     <span class='ocr_line' id='line_1_31' title="bbox 172 2796 1202 2890; baseline 0.022 -37"><span class='ocrx_word' id='word_1_257' title='bbox 172 2796 350 2876; x_wconf 84' lang='lat' dir='ltr'><strong>inflationes,</strong></span> <span class='ocrx_word' id='word_1_258' title='bbox 372 2802 409 2861; x_wconf 96' lang='lat' dir='ltr'><strong>ob</strong></span> <span class='ocrx_word' id='word_1_259' title='bbox 429 2804 457 2864; x_wconf 95' lang='lat' dir='ltr'><strong>id</strong></span> <span class='ocrx_word' id='word_1_260' title='bbox 478 2806 625 2866; x_wconf 88' lang='lat' dir='ltr'><strong>stomacho</strong></span> <span class='ocrx_word' id='word_1_261' title='bbox 640 2808 718 2868; x_wconf 88' lang='lat' dir='ltr'><strong>utilis</strong></span> <span class='ocrx_word' id='word_1_262' title='bbox 735 2810 880 2890; x_wconf 87' lang='lat' dir='ltr'><strong>bilemque</strong></span> <span class='ocrx_word' id='word_1_263' title='bbox 895 2820 925 2871; x_wconf 91' lang='lat' dir='ltr'><strong>et</strong></span> <span class='ocrx_word' id='word_1_264' title='bbox 939 2816 1106 2890; x_wconf 89' lang='lat' dir='ltr'><strong>sanguinem</strong></span> <span class='ocrx_word' id='word_1_265' title='bbox 1122 2835 1169 2876; x_wconf 93' lang='lat' dir='ltr'><strong>re·</strong></span> <span class='ocrx_word' id='word_1_266' title='bbox 1180 2833 1202 2876; x_wconf 87' lang='lat' dir='ltr'><strong>so</strong></span> 
     </span>
     <span class='ocr_line' id='line_1_32' title="bbox 172 2879 1170 2974; baseline 0.022 -37"><span class='ocrx_word' id='word_1_267' title='bbox 172 2879 333 2942; x_wconf 88' lang='lat' dir='ltr'><strong>icientibus.</strong></span> <span class='ocrx_word' id='word_1_268' title='bbox 363 2887 503 2962; x_wconf 85' lang='lat' dir='ltr'><strong>singultus</strong></span> <span class='ocrx_word' id='word_1_269' title='bbox 521 2889 618 2965; x_wconf 90' lang='lat' dir='ltr'><strong>sedat,</strong></span> <span class='ocrx_word' id='word_1_270' title='bbox 635 2900 733 2950; x_wconf 88' lang='lat' dir='ltr'><strong>ructus</strong></span> <span class='ocrx_word' id='word_1_271' title='bbox 747 2903 858 2968; x_wconf 85' lang='lat' dir='ltr'><strong>movet,</strong></span> <span class='ocrx_word' id='word_1_272' title='bbox 874 2897 983 2956; x_wconf 90' lang='lat' dir='ltr'><strong>urinam</strong></span> <span class='ocrx_word' id='word_1_273' title='bbox 1000 2893 1075 2974; x_wconf 83' lang='lat' dir='ltr'><strong>ciet,</strong></span> <span class='ocrx_word' id='word_1_274' title='bbox 1091 2902 1170 2958; x_wconf 84' lang='lat' dir='ltr'><strong>vesi·</strong></span> 
     </span>
     <span class='ocr_line' id='line_1_33' title="bbox 154 2966 1170 3058; baseline 0.022 -38"><span class='ocrx_word' id='word_1_275' title='bbox 154 2979 225 3022; x_wconf 85' lang='lat' dir='ltr'><strong>cae</strong></span> <span class='ocrx_word' id='word_1_276' title='bbox 246 2966 386 3028; x_wconf 89' lang='lat' dir='ltr'><strong>medetur.</strong></span> <span class='ocrx_word' id='word_1_277' title='bbox 422 2969 457 3028; x_wconf 91' lang='lat' dir='ltr'><strong>ad</strong></span> <span class='ocrx_word' id='word_1_278' title='bbox 475 2972 622 3032; x_wconf 90' lang='lat' dir='ltr'><strong>muliebris</strong></span> <span class='ocrx_word' id='word_1_279' title='bbox 645 2992 713 3033; x_wconf 92' lang='lat' dir='ltr'><strong>usus</strong></span> <span class='ocrx_word' id='word_1_280' title='bbox 732 2976 910 3055; x_wconf 80' lang='lat' dir='ltr'><strong>decoquitur.</strong></span> <span class='ocrx_word' id='word_1_281' title='bbox 945 2981 1170 3058; x_wconf 90' lang='lat' dir='ltr'><strong>opisthotonicis</strong></span> 
     </span>
     <span class='ocr_line' id='line_1_34' title="bbox 172 3052 867 3131; baseline 0.022 -27"><span class='ocrx_word' id='word_1_282' title='bbox 172 3063 235 3105; x_wconf 92' lang='lat' dir='ltr'><strong>cum</strong></span> <span class='ocrx_word' id='word_1_283' title='bbox 250 3052 345 3109; x_wconf 89' lang='lat' dir='ltr'><strong>resina</strong></span> <span class='ocrx_word' id='word_1_284' title='bbox 357 3052 436 3110; x_wconf 88' lang='lat' dir='ltr'><strong>arida</strong></span> <span class='ocrx_word' id='word_1_285' title='bbox 452 3052 594 3131; x_wconf 88' lang='lat' dir='ltr'><strong>inponitur</strong></span> <span class='ocrx_word' id='word_1_286' title='bbox 610 3057 815 3120; x_wconf 80' lang='lat' dir='ltr'><strong>excalfactoria</strong></span> <span class='ocrx_word' id='word_1_287' title='bbox 830 3063 867 3120; x_wconf 88' lang='lat' dir='ltr'><strong>vi.</strong></span> 
     </span>
     <span class='ocr_line' id='line_1_35' title="bbox 129 3133 1170 3217; baseline 0.016 -27"><span class='ocrx_word' id='word_1_288' title='bbox 129 3137 178 3190; x_wconf 76' lang='lat'><strong>121</strong></span> <span class='ocrx_word' id='word_1_289' title='bbox 243 3133 326 3210; x_wconf 60' lang='lat'><strong>(73¹.)</strong></span> <span class='ocrx_word' id='word_1_290' title='bbox 355 3134 433 3194; x_wconf 84' lang='lat' dir='ltr'><strong>Rosa</strong></span> <span class='ocrx_word' id='word_1_291' title='bbox 459 3137 623 3216; x_wconf 86' lang='lat' dir='ltr'><strong>adstringit,</strong></span> <span class='ocrx_word' id='word_1_292' title='bbox 651 3137 831 3217; x_wconf 80' lang='lat' dir='ltr'><strong>refrigerat·</strong></span> <span class='ocrx_word' id='word_1_293' title='bbox 851 3161 918 3204; x_wconf 89' lang='lat' dir='ltr'><strong>usus</strong></span> <span class='ocrx_word' id='word_1_294' title='bbox 948 3147 1010 3206; x_wconf 90' lang='lat' dir='ltr'><strong>eius</strong></span> <span class='ocrx_word' id='word_1_295' title='bbox 1032 3143 1170 3209; x_wconf 85' lang='lat' dir='ltr'><strong>dividitur</strong></span> 
     </span>
     <span class='ocr_line' id='line_1_36' title="bbox 171 3211 1245 3307; baseline 0.024 -40"><span class='ocrx_word' id='word_1_296' title='bbox 171 3211 199 3267; x_wconf 93' lang='lat' dir='ltr'><strong>in</strong></span> <span class='ocrx_word' id='word_1_297' title='bbox 216 3212 285 3295; x_wconf 85' lang='lat' dir='ltr'><strong>lolia</strong></span> <span class='ocrx_word' id='word_1_298' title='bbox 309 3225 337 3275; x_wconf 90' lang='lat' dir='ltr'><strong>et</strong></span> <span class='ocrx_word' id='word_1_299' title='bbox 356 3216 445 3277; x_wconf 89' lang='lat' dir='ltr'><strong>dores</strong></span> <span class='ocrx_word' id='word_1_300' title='bbox 468 3228 498 3279; x_wconf 88' lang='lat' dir='ltr'><strong>et</strong></span> <span class='ocrx_word' id='word_1_301' title='bbox 517 3225 620 3301; x_wconf 91' lang='lat' dir='ltr'><strong>capita.</strong></span> <span class='ocrx_word' id='word_1_302' title='bbox 650 3223 783 3285; x_wconf 89' lang='lat' dir='ltr'><strong>loliorum</strong></span> <span class='ocrx_word' id='word_1_303' title='bbox 807 3237 904 3305; x_wconf 88' lang='lat' dir='ltr'><strong>partes</strong></span> <span class='ocrx_word' id='word_1_304' title='bbox 919 3245 993 3307; x_wconf 92' lang='lat' dir='ltr'><strong>quae</strong></span> <span class='ocrx_word' id='word_1_305' title='bbox 1010 3240 1075 3291; x_wconf 91' lang='lat' dir='ltr'><strong>sunt</strong></span> <span class='ocrx_word' id='word_1_306' title='bbox 1089 3249 1202 3293; x_wconf 30' lang='lat' dir='ltr'><strong>acan-cs</strong></span> <span class='ocrx_word' id='word_1_307' title='bbox 1244 3289 1245 3298; x_wconf 70' lang='grc'>,</span> 
     </span>
     <span class='ocr_line' id='line_1_37' title="bbox 170 3293 1245 3400; baseline 0.022 -48"><span class='ocrx_word' id='word_1_308' title='bbox 170 3293 253 3355; x_wconf 90' lang='lat' dir='ltr'><strong>didae</strong></span> <span class='ocrx_word' id='word_1_309' title='bbox 271 3315 382 3375; x_wconf 88' lang='lat' dir='ltr'><strong>ungues</strong></span> <span class='ocrx_word' id='word_1_310' title='bbox 398 3314 545 3364; x_wconf 89' lang='lat' dir='ltr'><strong>vocantur.</strong></span> <span class='ocrx_word' id='word_1_311' title='bbox 575 3308 603 3366; x_wconf 93' lang='lat' dir='ltr'><strong>in</strong></span> <span class='ocrx_word' id='word_1_312' title='bbox 626 3305 699 3366; x_wconf 89' lang='lat' dir='ltr'><strong>dore</strong></span> <span class='ocrx_word' id='word_1_313' title='bbox 724 3309 800 3369; x_wconf 89' lang='lat' dir='ltr'><strong>aliud</strong></span> <span class='ocrx_word' id='word_1_314' title='bbox 821 3320 865 3370; x_wconf 91' lang='lat' dir='ltr'><strong>est</strong></span> <span class='ocrx_word' id='word_1_315' title='bbox 886 3329 1000 3390; x_wconf 89' lang='lat' dir='ltr'><strong>semen,</strong></span> <span class='ocrx_word' id='word_1_316' title='bbox 1024 3313 1102 3376; x_wconf 91' lang='lat' dir='ltr'><strong>aliud</strong></span> <span class='ocrx_word' id='word_1_317' title='bbox 1118 3333 1168 3376; x_wconf 87' lang='lat' dir='ltr'><strong>ca·</strong></span> <span class='ocrx_word' id='word_1_318' title='bbox 1243 3307 1245 3400; x_wconf 68' lang='lat' dir='ltr'><strong>l</strong></span> 
     </span>
     <span class='ocr_line' id='line_1_38' title="bbox 85 3375 1214 3474; baseline 0.024 -41"><span class='ocrx_word' id='word_1_319' title='bbox 85 3383 115 3396; x_wconf 89' lang='lat'><strong>&#39;·</strong></span> <span class='ocrx_word' id='word_1_320' title='bbox 170 3375 274 3453; x_wconf 88' lang='lat' dir='ltr'><strong>pilius,</strong></span> <span class='ocrx_word' id='word_1_321' title='bbox 292 3383 324 3440; x_wconf 90' lang='lat' dir='ltr'><strong>in</strong></span> <span class='ocrx_word' id='word_1_322' title='bbox 346 3386 438 3461; x_wconf 87' lang='lat' dir='ltr'><strong>capite</strong></span> <span class='ocrx_word' id='word_1_323' title='bbox 460 3388 535 3449; x_wconf 90' lang='lat' dir='ltr'><strong>aliud</strong></span> <span class='ocrx_word' id='word_1_324' title='bbox 557 3401 674 3464; x_wconf 86' lang='lat' dir='ltr'><strong>cortex,</strong></span> <span class='ocrx_word' id='word_1_325' title='bbox 696 3391 772 3454; x_wconf 91' lang='lat' dir='ltr'><strong>aliud</strong></span> <span class='ocrx_word' id='word_1_326' title='bbox 793 3390 887 3472; x_wconf 88' lang='lat' dir='ltr'><strong>calyx.</strong></span> <span class='ocrx_word' id='word_1_327' title='bbox 918 3396 1017 3457; x_wconf 87' lang='lat' dir='ltr'><strong>folium</strong></span> <span class='ocrx_word' id='word_1_328' title='bbox 1038 3399 1169 3461; x_wconf 90' lang='lat' dir='ltr'><strong>siccatur</strong></span> <span class='ocrx_word' id='word_1_329' title='bbox 1209 3467 1214 3474; x_wconf 58' lang='grc'>,</span> 
     </span>
     <span class='ocr_line' id='line_1_39' title="bbox 170 3460 1169 3562; baseline 0.025 -43"><span class='ocrx_word' id='word_1_330' title='bbox 170 3468 217 3520; x_wconf 91' lang='lat' dir='ltr'><strong>aut</strong></span> <span class='ocrx_word' id='word_1_331' title='bbox 231 3460 322 3524; x_wconf 93' lang='lat' dir='ltr'><strong>tribus</strong></span> <span class='ocrx_word' id='word_1_332' title='bbox 337 3467 429 3528; x_wconf 89' lang='lat' dir='ltr'><strong>modis</strong></span> <span class='ocrx_word' id='word_1_333' title='bbox 445 3475 624 3550; x_wconf 84' lang='lat' dir='ltr'><strong>exprimitur:</strong></span> <span class='ocrx_word' id='word_1_334' title='bbox 652 3489 705 3552; x_wconf 86' lang='lat' dir='ltr'><strong>per</strong></span> <span class='ocrx_word' id='word_1_335' title='bbox 719 3489 769 3555; x_wconf 85' lang='lat' dir='ltr'><strong>se,</strong></span> <span class='ocrx_word' id='word_1_336' title='bbox 791 3497 854 3540; x_wconf 89' lang='lat' dir='ltr'><strong>curn</strong></span> <span class='ocrx_word' id='word_1_337' title='bbox 868 3493 979 3557; x_wconf 85' lang='lat' dir='ltr'><strong>ungues</strong></span> <span class='ocrx_word' id='word_1_338' title='bbox 995 3496 1052 3543; x_wconf 87' lang='lat' dir='ltr'><strong>noa</strong></span> <span class='ocrx_word' id='word_1_339' title='bbox 1068 3482 1169 3562; x_wconf 57' lang='lat' dir='ltr'><strong>detra*</strong></span> 
     </span>
    </p>
   </div>
   <div class='ocr_carea' id='block_1_3' title="bbox 0 0 1274 3864">
    <p class='ocr_par' dir='ltr' id='par_1_3' title="bbox 0 0 1274 3864">
     <span class='ocr_line' id='line_1_40' title="bbox 0 0 1274 3864; baseline 0 0"><span class='ocrx_word' id='word_1_340' title='bbox 0 0 1274 3864; x_wconf 95' lang='lat' dir='ltr'><strong> </strong></span> 
     </span>
    </p>
   </div>
  </div>
 </body>
</html>
