2534 3866
104 199 109 214 ¹
197 191 239 252 76
547 204 685 252 emmau
702 200 851 280 cucurum
893 263 901 274 ἱ

158 365 209 421 lta
220 357 371 417 Subtilitas
386 359 580 436 parsimoniae
596 359 755 437 conpendia
775 359 897 434 invenit,
919 377 982 422 cnm
996 360 1081 419 vinea
1102 360 1130 418 in
1145 375 1196 437 pa·

201 443 306 500 stinato
327 451 457 517 seratur,
477 441 572 502 obiter
588 444 768 502 seminarium
782 443 924 519 faciendi,
946 452 977 502 ut
997 453 1026 502 et
1045 444 1197 504 viveradix

200 525 268 585 loco
284 543 337 584 suo
360 535 389 585 et
409 525 562 586 malleolus
579 528 627 603 qui
643 527 831 587 transferatur
855 529 928 586 inter
946 527 1014 586 vitis
1032 537 1060 587 et
1078 527 1197 587 ordines

200 618 324 684 seratur,
342 629 417 689 quae
433 611 506 669 ratio
521 612 550 669 in
564 611 666 685 iugero
682 613 798 670 circiter
813 611 940 670 sedecim
956 610 1195 673 miliaviveradi·

201 712 265 753 cum
280 687 376 755 donat.
407 697 528 753 interest
549 702 644 752 autern
665 693 808 754 biennium
827 695 953 770 fructus,
971 711 1028 772 quo
1044 695 1152 755 tardius
1166 697 1219 757 ins

158 790 210 846 173
222 789 284 838 sato
305 780 440 856 provenit
458 793 542 855 qnam
561 778 590 835 in
606 778 755 837 translato.
787 777 944 839 viveradix
958 781 1051 857 posita
1063 781 1092 837 in
1109 780 1196 838 vinea

199 873 267 944 post
284 881 384 922 annum
400 869 551 921 resecatur
565 878 658 939 usque
674 861 709 921 ad
725 871 847 938 terram,
866 870 896 921 ut
916 881 988 922 unus
1002 871 1108 924 tantum
1126 863 1195 922 cmi·

201 957 269 1008 neat
284 948 400 1022 oculus,
423 945 595 1005 adminiculo
616 947 694 1006 iuxta
716 946 811 1006 adfixo
834 955 864 1006 et
887 945 953 1005 limo
975 947 1080 1007 addito.
1109 947 1195 1006 simili

200 1033 285 1092 modo
302 1040 331 1090 et
347 1027 475 1089 se‘cundo
491 1046 565 1088 anno
581 1031 719 1090 reciditur
731 1031 860 1109 virisque
877 1032 1002 1109 concipit
1022 1039 1051 1090 et
1072 1032 1144 1094 intra
1160 1049 1195 1090 se

198 1118 293 1195 pascit
317 1113 489 1173 suffecturas
511 1115 609 1190 oncri,
632 1115 703 1176 alias
718 1115 903 1175 festinatione
926 1115 1056 1192 pariendi
1075 1113 1231 1192 gracilium

200 1210 286 1277 atque
303 1197 446 1271 einncida,
462 1199 491 1257 ni
508 1197 678 1258 cohibeatur
694 1200 883 1276 castigatione
896 1199 956 1275 tali,
970 1200 998 1257 in
1008 1198 1098 1260 letum
1108 1208 1197 1259 exeat

198 1292 267 1344 tota.
300 1281 369 1340 nihil
386 1282 496 1341 avidius
511 1283 637 1341 nascitur
658 1301 708 1358 ac,
728 1284 782 1341 nisi
802 1283 838 1342 ad
855 1282 1021 1362 pariendum
1038 1283 1118 1343 vires
1132 1301 1196 1342 ser-

158 1373 209 1429 174
220 1365 382 1450 gggventur,
398 1374 458 1424 tota
473 1365 504 1424 lit
518 1364 605 1424 letus.
639 1367 696 1444 [10]
719 1367 893 1426 Pedamenta
905 1377 1019 1446 optuma
1032 1385 1106 1446 quae
1122 1367 1195 1426 dixi·

199 1443 261 1508 mus'
278 1459 325 1509 aut
339 1448 480 1509 ridicae‘e
494 1449 602 1519 robore
620 1450 743 1526 oleoque
759 1452 784 1508 si
799 1467 855 1509 non
871 1453 937 1526 sint,
953 1452 1012 1530 pali
1027 1470 1043 1510 e
1058 1452 1193 1529 iunipiro,

200 1551 352 1612 cupresso,
368 1533 501 1609 laburno,
513 1533 632 1593 sabuco.
655 1533 831 1613 reliquorum
841 1529 984 1612 “generum
1000 1535 1088 1596 sudes
1104 1537 1230 1594 omui-15

199 1617 252 1676 bus
273 1619 352 1677 annis
375 1619 550 1678 reciduntur.
586 1617 775 1678 saluberrima
797 1620 826 1677 in
846 1622 913 1696 iugo
929 1619 1057 1679 harundo
1080 1637 1194 1680 conexa

199 1702 346 1762 fasciculis
367 1702 450 1762 durat
476 1704 556 1762 annis
579 1703 681 1781 quinis.
710 1699 781 1761 Gom
802 1702 953 1764 breviores
974 1704 1108 1782 palmites
1131 1722 1192 1764 sar·

148 1786 150 1788 ’
199 1795 295 1846 mento
312 1788 465 1862 iunguntur
478 1788 553 1844 inter
568 1805 601 1844 se
617 1786 723 1846 iunium
739 1786 843 1865 modo,
865 1805 902 1846 ex
924 1788 981 1848 hoc
996 1806 1080 1848 arcus
1094 1788 1194 1849 iuncta

159 1877 210 1932 nto
223 1870 362 1929 dicuntur.
395 1871 452 1948 [11]
475 1869 589 1928 Tertius
609 1871 710 1930 vineae
731 1889 819 1930 annus
835 1871 980 1949 palmitem
995 1871 1128 1932 velocem
1143 1889 1192 1932 ro-

200 1952 371 2029 bustumque
389 1954 490 2011 emittit
512 1963 541 2012 et
562 1971 646 2031 quem
661 1954 748 2014 iaciat
763 1965 843 2014 aetas
858 1956 955 2016 vitem.
986 1956 1033 2016 hie
1053 1957 1081 2015 in
1096 1957 1193 2033 iugum
1202 1975 1230 2017 ao

199 2035 298 2093 insilit.
322 2035 410 2113 aliqui
424 2044 481 2095 tum
493 2046 650 2096 excaecant
665 2055 729 2096 eum
744 2039 843 2115 supina
855 2027 933 2098 lal'ce
949 2039 1107 2099 auferendo
1123 2057 1193 2100 ocu·

173 2169 177 2178 .
200 2116 263 2193 los,
291 2127 320 2177 ut
346 2118 460 2194 longius
488 2129 636 2197 evocent,
658 2122 743 2180 noxia
763 2122 872 2181 iniuria.
908 2123 1006 2182 utilior
1027 2125 1102 2182 enim
1123 2141 1192 2184 con·

202 2201 324 2261 suetudo
351 2201 480 2280 pariendi
498 2203 653 2281 ,satiusque
677 2205 827 2282 pampinos
854 2205 1005 2282 adiugatae
1034 2207 1192 2284 detergere

161 2291 209 2348 176
220 2302 312 2362 usque
328 2302 385 2362 quo
402 2285 517 2363 placeat
527 2286 658 2346 roborari
673 2305 745 2346 eam.
769 2289 844 2346 'Sunt
860 2291 907 2367 qui
921 2298 1018 2349 vetant
1032 2293 1110 2370 tangi
1123 2308 1191 2369 pro·

201 2385 286 2427 xumo
299 2384 377 2426 anno
395 2386 477 2446 quam
495 2371 630 2428 translata
645 2373 691 2446 sit,
707 2388 801 2448 neque
817 2382 881 2431 ante
896 2386 952 2432 Lx.
969 2391 1097 2446 mensem
1112 2374 1228 2436 lalceas

156 2519 157 2522 Ἴ
201 2451 311 2526 curari,
334 2459 401 2511 tunc
417 2460 511 2532 autem
529 2453 563 2512 ad
578 2453 629 2512 tris
650 2471 777 2529 gemmas
799 2455 900 2514 recidi.
932 2456 1026 2516 alliot
1048 2475 1190 2536 proxumo

104 2565 107 2573 s
178 2583 181 2597 ι
201 2533 315 2609 quidem
340 2551 413 2594 anno
435 2536 581 2608 recidunt,
610 2535 662 2594 sed
680 2546 711 2596 ut
732 2546 832 2598 ternos
853 2549 1047 2617 quaternosve
1067 2542 1191 2619 singulis

200 2618 279 2674 annis
293 2617 417 2676 adiciant
429 2619 582 2694 articulos,
605 2620 705 2697 quarto
724 2620 835 2680 demum
854 2624 1012 2700 perducant
1031 2625 1066 2685 ad
1082 2625 1189 2702 iugum.

199 2699 228 2758 id
243 2708 393 2778 utrumque
407 2700 529 2760 fructum
544 2703 668 2780 tardum,
692 2714 846 2782 praeterea
866 2707 1039 2767 retorridum
1055 2717 1083 2768 et
1098 2711 1190 2770 nodo·
1256 2775 1257 2790 ,

200 2801 261 2842 sunr
275 2784 368 2843 reddit
386 2784 569 2863 pumilionum
584 2787 769 2849 incremento.
802 2799 945 2867 optumum
961 2801 1055 2852 autem
1069 2803 1189 2853 matrem
1201 2808 1229 2850 ao

200 2883 267 2925 esse
283 2867 401 2944 firmam,
417 2877 520 2946 postea
534 2870 622 2929 letum
637 2871 783 2950 audacem.
819 2891 874 2932 nec
890 2881 986 2934 tutum
996 2884 1041 2934 est
1056 2877 1132 2953 quod
1150 2880 1190 2937 ci·

112 2931 119 2956 ⁸
159 2957 208 3012 177
219 2953 399 3028 catricosum,
415 2969 519 3028 magno
532 2953 682 3030 inperitiae
698 2973 807 3014 errore.
835 2955 978 3036 Quidquid
994 2967 1039 3018 est
1053 2959 1111 3020 tale
1126 2961 1189 3038 pla·

199 3035 244 3110 gis
262 3035 398 3110 nascitur,
414 3051 472 3093 non
489 3055 505 3095 e
521 3045 620 3096 matre.
654 3046 729 3097 totas
749 3037 854 3099 habeat
876 3041 926 3100 illa
947 3043 1031 3116 viris,
1055 3043 1120 3102 dum
1139 3062 1188 3104 ro-

199 3117 332 3194 boratur,
353 3127 382 3178 et
402 3136 510 3180 annuos
533 3122 637 3198 accipit
655 3130 712 3181 tota
725 3121 815 3198 fetus,
834 3141 896 3183 cum
911 3126 1082 3202 permissum
1099 3127 1189 3187 luerit

199 3204 289 3260 nasci.
320 3200 389 3262 nihil
404 3199 503 3261 natura
519 3204 699 3280 portionibus
713 3207 796 3282 parit.
828 3206 909 3280 Quae
930 3212 1095 3270 excreverit
1115 3213 1187 3270 satis
1197 3225 1227 3266 aa

9 3263 10 3330 l
103 3296 107 3301 ’
199 3284 278 3343 lirma
293 3286 421 3362 protinus
443 3287 471 3343 in
492 3287 560 3362 iugo
576 3289 721 3347 conlocari
736 3288 869 3366 debebit,
891 3293 915 3350 si
940 3294 1087 3352 etiamnum
1108 3295 1188 3355 inhr-

9 3365 10 3420 ζ
85 3373 95 3392 ’
199 3368 271 3426 mior
287 3368 350 3441 erit,
367 3369 419 3428 sub
437 3370 502 3447 ipso
517 3371 737 3448 iugo-hospitari
751 3373 854 3431 recisa.
885 3374 1003 3450 viribus,
1017 3394 1073 3435 non
1088 3387 1188 3438 aetate

156 3459 209 3514 178
220 3449 392 3522 decernitur.
425 3456 606 3512 temerarium
627 3465 671 3512 est
692 3464 757 3514 ante
780 3458 994 3518 crassitudinem
1015 3459 1188 3535 pollicarem
