2552 3866
335 184 863 293 uuu.u1sr.xv1111.s.(41—es.j
1035 217 1093 282 181
1171 301 1175 310 ¹

103 402 185 464 quam
203 383 307 462 po'stea
320 389 488 460 temptatum
501 382 598 442 utilius
615 380 761 458 adparuit,
778 381 833 440 nisi
848 381 925 459 quod
940 384 1018 444 circa
1031 383 1095 445 idus

102 467 239 528 Februar.
266 465 387 526 defosso
416 467 525 525 semiue
547 466 702 526 aceruatim
725 465 854 543 parvolis
874 465 1027 527 scrobibus
1048 486 1094 528 se·

72 588 76 596 »
101 560 181 628 runt,
202 552 363 630 plurumum
383 559 557 610 maceratum
572 549 648 614 fimo,
676 547 743 610 deiu
756 549 839 608 nexis
853 549 928 608 inter
941 568 974 609 se
990 551 1093 614 radici-

100 634 155 696 bus
181 651 329 715 spongeas
350 633 443 694 iaetas
468 643 536 712 post
557 633 768 712 aequinoctium
795 634 918 692 autumni
943 634 1096 712 disponunt

75 718 253 798 spedalilsus
274 717 433 778 intervallis
454 717 626 777 fertilitate
618 735 646 776 ιιι
661 715 753 776 denos
770 733 860 775 annos
875 717 1003 778 durante.
1033 719 1093 778 nul·

101 803 157 862 lum
172 804 281 879 gratius
295 800 340 861 his
356 801 449 860 solum
462 817 544 880 quam
555 800 761 860 Rauennatium
774 799 931 861 hortorum
954 803 995 860 iu·
1008 801 1041 885 ll·
1044 802 1077 876 ¹ss⁷⁸
1087 815 1131 868 151

70 887 256 947 dicavimus
273 894 302 944 et
317 884 479 945 corrudam.
496 884 571 944 hauc
585 885 659 944 euim
673 884 815 982 intellego
832 885 996 945 silvestrem
1009 904 1094 965 aspa·

99 988 210 1048 regum,
227 987 311 1070 quem
326 958 463 1030 Graeei'‘
443 987 583 1049 oppsuov
596 977 644 1029 aut
656 959 858 1048 patescens
871 978 978 1028 vocant
992 970 1095 1031 aliisve

98 1051 269 1115 nominibus.
297 1054 412 1113 invenio
430 1054 510 1112 nasci
525 1061 555 1112 et
572 1053 669 1112 arietis
685 1051 821 1113 comibus
835 1054 926 1112 tuusis
942 1062 1028 1171 atque
1043 1054 1094 1114 de·

63 1139 197 1200 rolossis

162 1223 246 1300 (43)
274 1220 411 1281 Poterant
429 1218 522 1278 videri
544 1219 619 1280 dicta
640 1221 732 1280 omnia
753 1237 830 1298 quae
848 1222 876 1280 in
892 1223 986 1298 pretio
1004 1231 1135 1298 sonalat

97 1307 126 1366 ui
146 1314 273 1366 restaret
291 1323 339 1364 res
364 1304 487 1366 maxumi
505 1310 642 1380 quaestus
664 1320 722 1362 nou
745 1306 807 1363 sine
830 1304 940 1382 pudore
961 1305 1091 1368 diecula.

98 1399 207 1450 certum
230 1397 276 1449 est
295 1387 404 1468 quippe
426 1387 551 1447 carduos
564 1387 640 1465 apud
657 1384 859 1465 Carthaginem
875 1406 1006 1466 maguam
1017 1387 1092 1449 'Gor-

97 1473 259 1551 dubamque
280 1473 438 1551 praecipue
460 1473 623 1532 sestertium
644 1489 714 1532 seua
728 1473 805 1532 milia
822 1491 838 1532 e
855 1475 952 1549 parvis
968 1475 1093 1535 reddere

61 1558 192 1632 mareis,
219 1558 351 1634 quoniam
373 1564 457 1633 porte
478 1564 507 1614 ta
528 1571 644 1634 quoque
665 1564 807 1616 terramm
826 1557 855 1614 in
870 1573 991 1632 ganeam
1005 1559 1092 1618 uerti·

96 1657 172 1715 mus,
189 1641 274 1699 etiam
288 1655 323 1698 ea
337 1655 412 1716 quae
426 1655 459 1697 re
492 1635 571 1714 giuut
582 1639 718 1698 consciae
731 1638 934 1716 quadripedes.
953 1641 1075 1700 carduos
1085 1649 1135 1705 153

97 1732 200 1784 serunt
217 1720 329 1782 duobus
344 1720 453 1795 modis,
470 1729 603 1781 autumno
618 1722 732 1799 planta,
749 1731 779 1781 et
793 1723 903 1781 semiue
918 1732 984 1782 ante
1001 1740 1092 1783 nouas

95 1807 232 1880 Martias,
258 1805 433 1884 plantaeque
451 1821 540 1864 cneo
558 1805 746 1883 disponuntur
760 1813 826 1866 ante
842 1804 905 1865 idus
920 1804 1093 1867 Novembris

96 1901 147 1951 aut
164 1891 192 1949 in
208 1890 282 1950 locis
296 1887 408 1966 frigidis
424 1887 502 1948 circa
510 1889 667 1948 'favonium
688 1897 884 1950 stercorantur
892 1890 994 1966 etiam,
1010 1892 1034 1950 si
1049 1890 1092 1950 dis

58 1989 85 2032 no
97 1975 209 2055 placet,
226 1973 388 2050 laetiusque
401 1973 590 2050 proveniunt,
587 1973 893 2072 condunturqaoque
907 1983 992 2034 aceto
1004 1974 1093 2036 melle

94 2059 189 2120 diluto
211 2057 306 2116 addita
321 2057 423 2116 laseris
438 2057 536 2116 radice
555 2065 585 2116 et
600 2058 718 2132 cumini,
743 2075 780 2116 ue
796 2059 861 2136 quis
875 2058 975 2118 dies'
952 2077 1013 2118 sine
1029 2075 1091 2119 car·

95 2143 156 2203 duo
175 2141 219 2201 sit.

163 2226 247 2303 (44.)
273 2220 402 2282 Cetera
393 2240 423 2283 ιιι
436 2231 600 2282 transcursu
618 2223 676 2283 dici
693 2233 822 2302 possunt.
852 2222 980 2283 Ocimum
993 2223 1070 2284 Pari·
1060 2234 1134 2290 -154

14 2349 19 2361 ι
96 2309 177 2370 libus
193 2317 310 2387 optume
325 2307 502 2382 semlerum,
518 2306 630 2385 quidam
645 2316 673 2366 et
685 2317 828 2384 autumno,
845 2307 1012 2386 iubamque,
1028 2324 1092 2366 com
1112 2378 1118 2389 δ

55 2409 83 2449 rs
94 2394 195 2456 hieme
212 2399 335 2466 seratur,
352 2400 436 2450 aceto
454 2407 553 2451 semen
567 2391 709 2469 perfundi.
753 2389 849 2452 Ernca
866 2408 982 2470 quoque
999 2399 1030 2450 et
1043 2407 1091 2450 na·
1189 2433 1194 2460 2

95 2477 231 2536 sturtium
255 2475 303 2535 vel
327 2483 438 2535 aestate
462 2472 511 2533 vel
533 2474 627 2535 lrieme
650 2475 786 2536 facillime
807 2483 970 2536 nascuntur.
1005 2491 1092 2536 eruca

94 2559 259 2640 praecipue
280 2559 419 2636 frigorum
441 2561 632 2638 contemptrix
653 2560 787 2619 diversae
809 2568 854 2620 est
875 2575 959 2638 quam
979 2558 1092 2619 lactuca

93 2651 236 2716 naturae,
254 2643 482 2721 concitatrixque
497 2644 622 2702 veneris.
646 2643 755 2703 idcirco
767 2645 895 2721 iungitur
905 2642 948 2703 illi
961 2641 1025 2702 fere
1042 2643 1071 2702 iu
1082 2652 1132 2706 155

95 2725 191 2800 ιίιιίι,Ι
214 2732 243 2785 ιι
263 2725 347 2784 nimio
369 2725 471 2802 frigori
492 2741 545 2802 par
565 2725 665 2784 fervor
684 2727 821 2786 inmixtus
837 2734 1092 2804 temperamentum

55 2818 219 2886 adaequet.
262 2805 436 2868 Nasturtium
456 2824 559 2868 nomeu
579 2809 693 2887 accepit
713 2826 730 2868 a
747 2810 856 2868 narium
876 2818 1034 2886 tormento,
1062 2817 1092 2868 et

94 2893 168 2954 inde
195 2893 304 2969 vigoris
329 2891 500 2968 significatio
527 2891 683 2970 proverbio
705 2893 851 2970 usurpavit
871 2892 899 2952 id
919 2891 1093 2952 vocabulum

94 2976 190 3036 veluti
204 2985 354 3054 torporem
369 2977 527 3036 excitantis
552 2976 580 3034 in
594 2974 701 3039 Arabia
715 2976 804 3036 mirae
819 2975 1009 3056 amplitudinis
1022 2974 1092 3034 dici·

94 3071 147 3120 tur
162 3059 249 3135 gigni.

167 3141 250 3220 (45)
272 3139 346 3204 liuta
369 3158 483 3221 quoque
507 3142 611 3202 seritur
636 3141 751 3202 feronio
778 3151 807 3202 et
832 3143 867 3203 als
892 3142 1075 3220 aequinoctio
1083 3152 1133 3208 156

55 3251 83 3293 as
95 3226 237 3289 autumni
257 3225 318 3284 odit
331 3227 454 3286 hiemem
471 3233 641 3286 clamorem
656 3243 690 3285 ac
704 3226 809 3302 dmum,
825 3227 930 3304 apricis
941 3226 1048 3302 gaudet
1062 3235 1092 3286 et

96 3310 192 3372 siccis
213 3318 349 3387 terraque
370 3327 454 3388 quam
472 3326 602 3370 maxume
617 3309 761 3371 lateraria.
793 3311 890 3370 cinere
904 3309 966 3369 volt
981 3311 1091 3385 nutriri,

94 3396 149 3456 liic
170 3401 199 3452 ct
213 3393 313 3452 semini
329 3393 464 3454 miscetur
477 3401 509 3451 ιιι
523 3402 619 3454 ιιιιιι
633 3395 739 3454 urueis.
769 3393 933 3456 Auctoritas
948 3395 976 3453 ei
990 3402 1020 3454 et
1039 3411 1092 3474 pe·

96 3477 221 3538 saliaris
230 3475 310 3554 apud
327 3477 457 3555 antiquos
475 3475 534 3536 fuit.
566 3477 680 3536 invenio
703 3476 823 3537 mulsum
842 3486 962 3540 rutatum
982 3478 1091 3558 populo
