2512 3858
299 237 379 285 nnn.
396 235 487 286 naen.
508 235 580 287 xvt.
596 233 715 290 nt-te.
731 226 871 308 (et-41)
1019 231 1057 322 ¹9.

131 387 217 466 (40.)
247 385 316 447 Flos
337 390 472 468 est'pleni
487 392 566 450 reris
580 389 711 462 indieiurn
733 399 763 452 et
782 393 847 452 anni
867 397 1098 472 renascentiam

69 471 124 532 flos
144 470 279 548 gaudium
298 471 441 532 arborum.
475 483 543 533 tune
566 491 599 534 ae
619 491 710 534 noras
731 474 860 552 aliasque
885 493 967 554 quam
993 487 1058 540 sunt

70 555 241 632 ostendunt,
262 561 330 614 tune
352 557 439 617 variis
462 557 592 619 eolorum
613 557 740 634 picturis
752 559 781 616 iu
800 566 945 619 certamen
963 578 1055 639 usqne

8 639 10 682 i
69 635 222 706 luxuriant,
253 638 306 698 sed
322 637 378 698 hou
393 649 525 716 negatum
541 640 699 719 plerisque.
728 641 875 700 nonenim
891 657 988 702 ornnes
1004 643 1055 703 do·
1081 645 1085 656 ¹

47 731 150 796 erent,
172 730 203 782 et
222 729 286 781 aunt
307 724 404 785 tristes
426 723 565 800 quaedam
586 731 718 801 quaeque
735 741 794 784 nou
813 725 936 784 sentiant
954 727 1057 802 gaudia

68 821 215 865 annorum.
245 821 311 864 nanu
322 823 418 884 neque
432 806 506 881 ilex,
521 806 624 884 picea,
640 805 730 882 larix,
745 809 828 884 pinus
841 807 901 866 ullo
916 807 989 868 dore
1006 825 1056 868 ex·

67 889 227 948 hilarantur
256 888 395 948 natalisve
429 905 578 968 pomorum
611 905 720 949 annuos
757 890 929 950 uersicolori
958 891 1056 951 nuntio

67 973 249 1050 promittunt,
278 989 334 1031 nee
361 971 409 1032 liei
438 981 525 1050 atque
549 971 686 1050 eaprihei.
732 973 863 1050 protinus
892 973 965 1032 enim
998 974 1056 1034 irn-

68 1063 145 1114 etnm
161 1071 215 1132 pro
234 1054 307 1114 ilore
321 1055 448 1132 gignunt.
471 1055 499 1113 iu
515 1053 576 1114 huis
592 1053 736 1114 mirabiles
753 1062 818 1115 sunt
833 1063 862 1115 et
872 1054 991 1116 abortus
1008 1056 1057 1136 qui

38 1159 59 1200 nu
67 1155 217 1216 numquam
231 1146 434 1200 maturesonnt.
462 1136 527 1198 Nee
546 1136 658 1214 iunipiri
681 1137 792 1208 dorent.
824 1139 936 1216 qnidam
956 1148 1096 1204 earnmid

68 1223 122 1282 dno
138 1238 247 1298 genera
261 1220 389 1281 tradunts
409 1221 527 1281 alteram
541 1219 648 1280 llorere
659 1237 715 1279 nee
728 1220 818 1297 lerna,
830 1239 904 1300 qnae
915 1239 986 1282 vero
998 1239 1056 1282 non

67 1305 170 1366 horeat
190 1302 268 1364 ierre
289 1305 418 1381 protinus
439 1304 521 1369 breis
544 1303 727 1363 annuentibus
748 1321 822 1381 quae
849 1303 963 1364 biennio
985 1305 1053 1366 luae·

66 1397 157 1448 reant.
180 1387 234 1446 sed
247 1387 275 1446 id
290 1386 402 1463 falsum,
420 1386 609 1464 omnibusque
620 1385 663 1446 his
679 1385 749 1448 dura
759 1387 851 1448 nautes
858 1399 984 1467 semper.
1009 1389 1053 1450 sie
1109 1411 1110 1416 ¹

67 1481 93 1531 et
106 1473 252 1532 hominurn
264 1470 359 1530 multia
372 1470 484 1530 fortuna
497 1470 559 1530 sine
576 1468 647 1528 flore
666 1478 719 1529 est.

39 1575 59 1614 us
128 1555 214 1632 (41.)
242 1551 347 1614 Omnes
366 1564 465 1613 autern
481 1553 656 1630 germinant,
675 1553 760 1612 etiam
775 1569 849 1629 qnae
866 1571 923 1612 non
937 1553 1051 1630 iloreut,
1058 1558 1093 1618 97

8 1681 10 1716 ,
65 1655 166 1715 magna
183 1645 212 1696 et
228 1635 356 1697 leuururu
377 1637 553 1710 differentia,
570 1636 677 1712 quippe
694 1652 757 1693 eunt
773 1653 810 1694 ex
825 1633 927 1694 eodem
941 1653 1051 1712 genere

65 1739 139 1800 quae
158 1721 264 1780 suntin
278 1720 451 1798 palustribus
471 1721 569 1797 priora
588 1717 764 1794 germinent,
786 1733 853 1775 mox
868 1719 1050 1794 eampestria,

65 1803 263 1864 nodssimein
281 1804 371 1878 siluis,
387 1819 442 1882 per
456 1820 489 1861 se
504 1810 601 1860 autent
611 1798 719 1860 tardius
734 1800 787 1876 piri
802 1799 952 1859 silvestres
968 1817 1052 1878 pram

66 1897 175 1948 uetera.
204 1887 294 1964 prirno
310 1887 426 1946 iarouiu
439 1901 553 1960 cornus,
562 1899 701 1962 proxume
716 1883 812 1942 laurus
827 1881 970 1962 pauloque
986 1890 1054 1942 ante

36 1971 275 2050 uaeqninoutium
290 1969 365 2043 tilia,
384 1985 470 2042 auer,
490 1968 564 2026 inter
585 1967 690 2044 primas
705 1980 775 2025 vero
792 1964 932 2044 populus,
946 1965 1049 2040 ulmus,

65 2054 156 2128 salix,
174 2053 271 2128 aluus,
291 2067 389 2110 nuces.
413 2049 528 2108 festinat
548 2057 576 2107 et
595 2050 735 2126 platanus.
761 2049 881 2108 ‘aeterne
891 2059 963 2108 rena
979 2063 1047 2108 eoe-
1057 2055 1092 2113 98

65 2147 167 2215 pturo,
184 2135 367 2214 aquifolium,
383 2131 581 2204 terebinthus,
596 2131 739 2208 paliurus,
753 2139 902 2204 castanea,
918 2131 1049 2206 glandes,

66 2221 193 2280 serotino
210 2229 301 2278 autem
314 2217 442 2294 germine
454 2214 555 2290 malus,
571 2213 731 2290 tardissimo
749 2211 845 2270 suber.
876 2211 1050 2284 Quibusdam

66 2305 240 2380 germinatur
254 2300 433 2378 germinatio,
447 2298 530 2356 nimia
546 2295 601 2354 soli
613 2294 744 2354 ubertate
762 2303 810 2353 aut
823 2293 964 2352 inuitantis
977 2292 1052 2352 eueli
1137 2349 1141 2356 ,

37 2387 230 2466 inuoluptate,
255 2383 330 2461 quud
347 2383 437 2459 magis
457 2380 599 2440 inberbis
614 2388 745 2456 segetum
763 2377 868 2438 evenit.
897 2377 926 2435 ln
940 2374 1050 2436 arbori·

66 2469 122 2529 bus¹
135 2479 233 2528 tamea
248 2466 332 2526 nimia
348 2465 516 2546 germinatio
533 2463 693 2522 elasseseit.
722 2461 795 2522 Sunt
814 2459 887 2522 aliae
902 2457 1091 2522 naturales99

66 2551 234 2630 quibusdam
249 2557 423 2627 praeterque
439 2563 572 2620 vernam,
595 2562 669 2622 quae
680 2545 742 2604 ⁴suis
759 2551 890 2606 onustant
908 2541 1055 2603 sideribus

66 2653 186 2713 quorum
199 2634 272 2692 ratio
287 2633 379 2710 aptius
393 2631 530 2691 reddetur
543 2631 628 2688 tertio
646 2627 681 2687 ab
697 2627 754 2687 hoe
772 2627 925 2687 volumine.
953 2624 996 2686 bi·
1007 2622 1089 2709 2022„

65 2717 152 2778 berna
170 2715 283 2794 aquilae
300 2720 418 2790 exortu,
434 2713 543 2772 aestiva
559 2713 637 2770 oanis
653 2719 733 2784 ortu,
752 2711 837 2770 tertia
854 2709 967 2770 araturi.
997 2707 1048 2767 hae

34 2801 135 2866 aduae
153 2799 268 2880 quidam
283 2796 413 2856 omuibus
426 2791 575 2854 arboribus
591 2792 745 2853 eommunis
759 2799 872 2870 putant,
888 2791 986 2850 sendrl
1000 2805 1048 2850 au·

66 2893 121 2942 tem
136 2898 269 2942 mamare
287 2882 314 2939 in
330 2880 402 2953 lieo,
416 2880 491 2950 rite,
507 2874 636 2954 punicis,
653 2889 767 2934 eausam
781 2873 962 2946 adferentes,
979 2887 1048 2947 qno·

65 2969 139 3026 niam
160 2967 189 3024 in
210 2962 359 3024 Thessalia
379 2959 603 3033 Macedoniaque
626 2958 755 3034 pluruma
781 2965 839 3016 tutu
861 2955 931 3015 licus
953 2960 1048 3012 exeat.

67 3065 197 3108 maxume
210 3057 304 3107 tannen
318 3047 346 3104 in
360 3045 497 3120 Aegypto
516 3041 635 3118 adparet
649 3041 723 3100 haee
736 3040 819 3098 ratio.
852 3037 888 3098 Et
901 3036 1031 3114 reliquae
1039 3043 1089 3096 100

68 3131 181 3208 quidem
197 3130 335 3204 arborea,
356 3135 387 3186 ut
401 3127 518 3204 primum
533 3138 675 3200 coepere,
694 3123 855 3182 continuant
869 3117 1048 3198 germinatio-

34 3233 149 3290 auem,
169 3213 307 3275 roboret
328 3209 411 3270 abies
432 3217 461 3267 et
475 3208 549 3267 larix
562 3206 745 3265 intermittunt
760 3205 903 3281 tripertito
918 3217 953 3260 ae
968 3207 1050 3260 terna

69 3299 195 3373 germina
210 3296 307 3356 edunt.
337 3294 403 3353 ideo
419 3299 448 3350 et
463 3298 508 3350 ter
519 3303 649 3366 maumas
663 3289 799 3348 eortieurn
814 3291 960 3362 spargunt,
973 3279 1049 3360 qnod

70 3381 198 3440 omnibns
212 3376 362 3438 arboribus
378 3377 406 3434 ln
422 3373 626 3451 geminatione
640 3370 746 3446 evenit,
760 3369 893 3447 quoniam
907 3381 1046 3445 praegna-
1063 3415 1065 3420 ,

69 3465 136 3524 tium
150 3464 291 3541 rumpitur
306 3467 416 3518 eortex.
445 3465 490 3516 ast
499 3463 592 3516 autem
603 3454 691 3533 prima
702 3469 799 3514 earum
812 3449 966 3590 inqiqieute
976 3463 1048 3508 vere

1019 3691 1027 3732 i

1200 3757 1247 3838 A
