2538 3864
193 186 254 248 ato
551 197 580 245 c.
596 195 855 244 rmnusucuunu

192 369 276 432 aqua
311 351 440 412 inlinitur
457 333 568 431 plagis,
598 349 784 429 peculiariter
808 349 914 410 eiheax
941 358 1041 410 eontra
1069 349 1184 426 chersy-

192 437 262 498 tlros
283 453 319 496 au
338 451 431 498 ranas.
469 451 542 494 vero
558 433 688 494 omuibus
709 443 809 494 eontra
826 435 922 494 toxiea
944 442 974 492 et
993 435 1106 500 aconita
1126 435 1185 496 stu

193 521 339 582 bauionem
357 518 528 580 Heraclides
547 517 677 578 moliens
692 518 722 578 in
738 519 800 578 iure
820 517 932 578 anseris
947 517 1097 578 deoootsm
1114 518 1184 578 arbi·

151 613 185 669 19
195 612 295 664 natur.
327 601 528 683 Apollodorus
542 601 682 664 aduersus
697 597 873 662 toxioa'oum
886 618 955 661 uana
970 601 1117 680 decoquit,
1139 620 1185 661 oe·

192 689 248 748 tori
264 689 294 746 in
309 703 393 765 aqua.
427 687 492 765 ipsa
506 686 592 759 luna,
613 685 763 761 irutieosa,
784 686 909 764 spinosis
927 685 1018 758 foliis,
1040 684 1122 744 uaule
1136 703 1205 762 gor

192 771 335 846 uioulato,
364 768 480 829 cubitali
505 778 535 829 et
557 769 667 828 maiore
693 769 855 847 aliquanto,
880 768 937 830 alia
962 768 1106 845 albioaus,
1133 769 1187 829 alia

192 856 285 932 nigra,
304 853 403 914 radiae
418 855 549 928 odorata,
562 861 592 912 et
606 852 697 913 sativa
712 851 826 934 pusiam
840 861 896 929 est,
910 851 964 912 ael
979 861 1083 931 sponte
1096 853 1186 912 nasei·

192 941 280 999 turin
301 937 415 1015 asperis
430 946 461 997 et
474 937 588 998 saxosis
609 946 638 996 et
652 937 680 995 in
695 936 827 998 litoribus
848 937 935 997 maris
951 935 1050 996 durior
1068 937 1187 1013 nigrior·

114 1063 117 1071 ι
214 1041 265 1097 ue,
288 1021 360 1083 iolio
416 1021 434 1080 i.

151 1039 212 1171 loq
258 1106 288 1168 8.
311 1039 441 1184 (il-sliu
463 1104 509 1165 his
531 1105 680 1166 candidam
704 1104 795 1164 nostri
820 1113 933 1165 eentum
956 1105 1049 1183 capita
1073 1113 1215 1165 vocantu

193 1207 294 1249 omnes
320 1186 449 1246 eiusdem
466 1188 605 1265 effeetus,
628 1187 711 1249 oaule
735 1197 765 1248 et
790 1188 887 1249 ralioe
906 1190 934 1246 in
960 1188 1041 1248 eibos
1061 1186 1187 1248 Graeco·

192 1290 254 1332 uum
269 1271 399 1348 reoeptis
415 1277 537 1348 utroque
559 1271 664 1347 modo,
685 1272 749 1330 sivo
766 1269 1001 1348 oopere'libeat
1019 1271 1082 1329 sive
1102 1271 1188 1330 nula

193 1354 283 1416 moi.
320 1360 519 1430 portentosum
537 1363 583 1412 est
603 1352 734 1430 quodue
758 1370 793 1412 ea
815 1354 953 1430 traditur,
976 1353 1104 1412 ratlieem
1128 1356 1189 1414 eius

192 1437 357 1497 alterutrius
372 1451 464 1506 sexus,
482 1435 693 1496 similitudinem
706 1435 834 1511 referre,
854 1452 920 1496 raro
939 1437 1071 1512 inventu,
1094 1437 1149 1497 sed
1167 1438 1190 1496 si
1253 1427 1254 1452 l

192 1523 265 1581 uiris
283 1517 437 1596 eontigerit
451 1535 527 1596 mas,
549 1517 765 1578 amabilisfieri·
808 1518 846 1579 ob
862 1519 919 1579 hoe
933 1528 962 1578 et
976 1518 1123 1580 Phaonem
1137 1519 1189 1580 Le·
1198 1541 1216 1580 u

195 1605 287 1666 obium
302 1603 438 1666 dilectum
452 1622 469 1663 a
483 1603 613 1682 Sappho,
628 1602 716 1662 multa
737 1603 814 1663 eirea
828 1602 888 1662 hoo
901 1619 959 1664 nou
973 1601 1123 1680 llogorum
1144 1622 1190 1665 so

152 1702 184 1755 21
197 1691 253 1750 lum
273 1690 399 1750 uanitate
421 1685 574 1747 sedetiam
594 1686 861 1764 Pythagoricorum.
895 1687 947 1748 sed
967 1688 995 1746 in
1008 1688 1124 1748 malloo
1138 1707 1190 1748 usu

195 1782 313 1853 praeter
327 1789 414 1851 sumu
431 1771 505 1831 liuta
520 1770 674 1832 auxiliatur
688 1766 895 1848 inlationibus,
918 1771 1101 1848 torminibus,
1126 1789 1190 1832 uor-

195 1858 241 1918 dis
259 1856 351 1933 vitiis,
375 1854 541 1929 monacho,
563 1853 700 1931 meineri,
729 1854 908 1931 praeoordjis
933 1855 961 1914 in
986 1872 1060 1933 aqua
1086 1856 1190 1930 mulsa,

195 1941 264 2001 lieni
278 1940 306 1997 in
321 1955 412 2016 poseo
420 1984 430 2017 ,
452 1939 521 1996 item
535 1955 573 1997 eu
586 1937 678 1998 mulsa
691 1937 818 2013 renibus,
840 1940 1038 2015 stranguriae,
1060 1939 1189 2018 opisthu·
1198 1959 1218 2000 ro

196 2025 287 2098 tonis,
311 2023 451 2100 epaonis,
472 2021 590 2096 lumbis,
613 2021 791 2099 hydropisis,
815 2021 1022 2098 comitialibus,
1041 2023 1192 2084 muliorum
1251 1985 1253 2114 l

195 2105 358 2181 mensibus,
379 2107 439 2165 sive
455 2104 604 2164 subsidant
621 2106 684 2164 sive
699 2103 855 2182 abundent,
876 2105 1083 2184 volvarumque
1101 2110 1191 2166 omni·
1252 2139 1253 2146 κ

154 2189 254 2252 rubus
274 2190 363 2249 uitiis.
395 2188 519 2248 extrahit
534 2188 620 2248 influa
637 2189 754 2266 eorpori
771 2205 833 2248 oum
847 2189 944 2249 melle.
983 2198 1121 2265 strumas,
1142 2207 1191 2270 pa·

196 2273 315 2349 rotinus,
333 2288 435 2351 panos,
456 2271 622 2331 recedentis
635 2271 673 2331 ab
687 2270 803 2332 ossibus
819 2273 911 2332 earnis
926 2281 1009 2332 sanat
1024 2291 1087 2332 oum
1103 2291 1191 2335 axun-

195 2357 244 2436 gia
268 2357 345 2418 salsa
371 2363 401 2415 et
427 2363 542 2430 cerato,
562 2357 630 2414 item
658 2355 808 2416 fracturas.
840 2356 985 2434 orapulam
1005 2366 1221 2436 praesumptas

197 2449 293 2514 areet,
314 2438 408 2500 alvom
424 2438 506 2497 sistit
538 2439 626 2514 aliqui
641 2455 657 2496 e
672 2439 778 2498 nostris
795 2437 848 2499 snb
867 2440 991 2500 solstitio
1012 2440 1112 2519 oolligi
1127 2459 1194 2502 earn

196 2528 318 2584 iussere.
344 2539 382 2582 ex
394 2537 467 2597 aqua
482 2521 603 2580 caelesti
617 2522 714 2598 inponi
732 2521 862 2582 omuibus
878 2524 1000 2583 oeruieis
1016 2526 1103 2602 vitiis,
1121 2543 1192 2587 oon·

196 2607 288 2664 lorum
305 2620 421 2682 quoque
435 2601 703 2680 albugines‘sanore
718 2604 900 2682 adalligatam
914 2607 1099 2669 aediderunt.

155 2698 189 2752 23
263 2690 291 2750 9.
314 2685 396 2770 (10.)
420 2687 490 2746 Sunt
506 2688 553 2765 qni
570 2695 598 2746 et
618 2705 736 2748 aeauunr
751 2689 871 2766 eryngio
889 2690 1069 2768 adscribant,
1091 2695 1192 2772 spino·
1251 2749 1252 2764 ,

197 2789 257 2832 sam
275 2772 453 2850 brevemque
466 2788 500 2831 uu
518 2771 603 2832 lutam
622 2770 741 2833 herbum
758 2773 906 2852 spinisque
915 2763 1082 2836 latioribus.
1115 2776 1225 2838 hanoao

154 2865 350 3023 ilmpogffl
364 2865 807 3026 Thaliffinyeu'gezmizlgbuzraentlem
831 2949 971 3018 putavere
988 2959 1055 3000 esse
1076 2951 1106 3002 et
1125 2944 1192 3020 gly-

198 3022 371 3100 eprrhiuam,
393 3039 481 3103 quare
497 3022 630 3098 subiungi
645 3039 708 3082 eam
722 3023 850 3101 protinus
870 3023 970 3085 reiert.
1001 3035 1033 3084 et
1046 3026 1110 3104 ipsa
1126 3029 1193 3087 siue

197 3107 283 3169 dubio
300 3109 374 3167 inter
395 3105 540 3168 aculeatus
561 3114 620 3183 est,
646 3105 899 3186 loliis'euhinatis‚
924 3109 1076 3186 pinguibus
1097 3118 1193 3170 taetu-

198 3209 257 3270 que
271 3190 460 3265 numminosis,
481 3189 629 3264 frutuosa,
649 3189 745 3248 binum
760 3190 918 3250 cubitorum
934 3191 1091 3270 altitudine,
1112 3193 1229 3256 llorere
1251 3245 1252 3262 ,

197 3274 358 3350 hyacinthi,
379 3272 473 3331 bnotu
492 3272 643 3352 pilularum
662 3273 767 3352 platani
789 3275 1000 3350 magnitudinis.
1038 3286 1193 3354 praestan·
1251 3265 1252 3302 ἢ

198 3358 309 3418 tissima
321 3358 349 3416 iu
362 3351 479 3431 Cilicia,
497 3355 624 3416 motula
639 3356 745 3433 l’outo,
767 3359 865 3419 radico
877 3359 969 3436 dulei,
992 3359 1110 3420 ethaeo
1127 3369 1193 3421 tan·

156 3448 257 3505 lutum
281 3440 310 3497 in
333 3455 395 3498 usu.
430 3439 539 3517 eapitur
555 3457 591 3499 ea
612 3439 795 3518 vergiliarum
821 3457 944 3520 ooeasu,
965 3443 1051 3519 longa
1072 3461 1127 3504 oeu
1147 3446 1195 3504 vi·
