2538 3864
200 227 262 289 244
444 307 445 319 ¹
542 233 572 284 c.
591 209 687 308 eumer
704 231 853 281 securem
963 273 969 280 .

50 391 57 398 ’
150 431 156 446 ·
200 401 262 467 tur,
289 389 423 453 silvestre
439 388 591 448 dumtaxat.
611 377 809 463 cyclaminum
823 386 869 447 bis
887 403 977 460 auno,
1011 401 1082 444 vere
1099 393 1128 444 et
1144 402 1191 444 au·

191 485 307 540 temne
336 480 462 534 aestates
476 471 642 548 hiemesque
667 471 748 548 frigit.
776 471 911 531 Seriores
928 486 1016 546 supra
1033 468 1118 528 dictis
1142 467 1192 528 eli·

188 553 312 637 umento
326 557 472 616 narcissus
489 554 619 615 etlilium
635 563 713 632 trupr
732 555 838 630 maria,
862 555 892 614 iu
905 552 988 614 Itab'a
1009 551 1141 630 quidem,
1165 561 1193 611 ut

167 642 339 715 ediximus,
360 648 427 718 pust
441 655 547 698 rosam.
580 655 644 698 uam
659 640 688 697 in
703 637 949 699 eraserataroiue
963 637 1115 702 etiamnum
1128 652 1193 704 aue·

146 733 150 744 ·
191 741 295 784 mone.
334 732 380 783 est
398 731 491 783 autem
517 721 592 782 baec
615 721 800 782 silvestrium
814 720 980 782 balborum·
996 720 1051 783 llos
1078 718 1213 796 aliaquee

159 817 380 887 ecquandone
401 806 512 865 dicetur
536 806 566 864 in
591 804 719 865 medicis.
753 805 889 883 Sequitur
910 803 1053 867 oenanthe
1075 815 1112 865 affe
1137 815 1193 862 me·

161 889 341 964 ¹⁸⁴lautbium
362 898 392 950 et
408 907 447 948 ex
460 885 641 948 silvestribus
655 887 855 964 helicbruma,
882 887 988 948 deiude
1009 887 1130 951 alterum
1144 903 1195 961 ge·

202 993 256 1034 nus
282 989 437 1034 anemonen
459 989 534 1050 quae
559 971 675 1037 limonia
698 980 834 1047 vocatur,
861 980 929 1050 post
954 970 1028 1032 bane
1053 969 1196 1047 gladiolus

148 1103 153 1115 ι
204 1058 352 1116 comitatus
366 1055 539 1130 hyacintho,
559 1055 714 1116 novissima
737 1071 821 1130 rosa,
848 1053 1007 1133 eademque
1023 1054 1113 1132 prime
1129 1051 1196 1112 deii-

204 1142 386 1214 oitexeepta
411 1133 515 1213 eahae,
543 1155 560 1198 e
585 1139 690 1198 ceteris
714 1138 884 1213 hyacinthus
907 1155 1038 1200 maxume
1062 1136 1145 1202 durat
1168 1145 1197 1194 et
1207 1154 1228 1193 lo

203 1221 280 1282 risle
292 1218 358 1279 alba
375 1227 405 1278 et
420 1221 578 1296 oenanthe,
605 1221 658 1281 sed
672 1223 746 1282 baec
760 1223 815 1296 ita,
841 1222 867 1280 si
882 1220 994 1282 divolsa
1011 1219 1116 1282 crebro
1132 1235 1198 1297 prc-

204 1303 334 1362 hibentur
352 1302 381 1360 ln
398 1304 525 1378 omnine,
552 1304 714 1364 renascitur
732 1304 808 1377 locis
830 1303 945 1380 tepidis.
978 1303 1051 1364 odor
1073 1302 1150 1362 idem
1175 1304 1199 1361 ei

163 1386 255 1462 coqui
271 1383 494 1462 germinantibus
507 1385 586 1460 uvis,
610 1393 698 1462 atque
714 1385 780 1446 iude
796 1400 908 1448 nomen.
938 1383 1128 1463 Hyacinthum
1152 1403 1200 1446 en·

190 1469 316 1537 ‘mitetur
329 1467 547 1552 iabuladuplex
560 1467 671 1532 ,luctum
684 1466 872 1545 praeferens,
901 1468 964 1528 eius
982 1483 1075 1546 quem
1088 1468 1198 1547 Apollo

192 1551 356 1614 :dilexerat
367 1560 414 1613 aut
431 1568 469 1612 ex
488 1549 587 1611 Aiacis
609 1568 714 1610 cruore
738 1550 822 1627 editi,
846 1552 886 1611 ita
904 1549 1131 1612 discurrentibus
1148 1571 1198 1612 ve·
1209 1573 1228 1612 15

204 1637 249 1695 nis
270 1643 300 1694 ut
326 1633 498 1696 Graecarum
524 1633 682 1696 litterarum
707 1633 799 1710 ligura
824 1633 864 1694 bl
888 1633 1002 1711 legatur
1020 1634 1200 1714 inscriptum.

153 1743 157 1755 ·
205 1716 393 1794 Helicbrysus
407 1719 508 1781 horem
523 1717 610 1780 habet
623 1731 694 1778 auro
709 1717 846 1793 similem,
873 1717 1090 1794 loliumtenue,
1112 1720 1202 1779 cauli·

206 1801 301 1864 culum
315 1817 430 1880 qnoque
452 1800 590 1878 gracilem
612 1801 665 1866 aed
687 1800 800 1860 durum..
827 1801 885 1862 hoc
900 1818 1043 1866 coronare
1061 1819 1094 1862 se
1111 1800 1202 1881 biugi,
1255 1853 1256 1915 p

206 1885 232 1944 ei
252 1893 283 1943 et
300 1894 443 1961 unguenta
467 1886 610 1948 sumantur
634 1903 672 1949 ex
689 1901 759 1950 auro
780 1884 857 1962 quod
877 1902 990 1963 apyron
1013 1893 1136 1962 vocant,
1168 1888 1204 1946 ad

206 1968 327 2041 gratiam
349 1984 464 2047 quoque
478 1971 554 2030 vitae
578 1967 757 2046 gloriamque
779 1968 926 2046 pertinere
944 1967 1126 2040 arbitrantur.
1165 1968 1255 2060 litum¹

207 2050 288 2108 verni
307 2051 420 2127 quidem
430 2051 525 2115 ‚hores
541 2051 570 2116 bi
590 2049 663 2116 ruht.
760 2097 765 2118 ι
1252 2099 1253 2132 p

161 2133 199 2192 'bl
277 2132 359 2212 (39.)
379 2134 541 2200 Succedunt
558 2134 616 2199 illis
631 2135 750 2208 aestivi,
777 2133 888 2209 lychnis
904 2143 933 2195 et
948 2134 1025 2195 lovis
1045 2137 1100 2196 llos
1117 2147 1151 2208 et
1165 2140 1205 2200 al·
1251 2154 1252 2202 l

208 2222 301 2279 terum
314 2234 414 2293 genus·
428 2218 487 2293 lin,
516 2218 709 2302 itemipbppp
726 2226 767 2286 el,
780 2235 928 2286 amaracus
944 2235 1028 2297 quem
1044 2218 1206 2298 Phrygium
1250 2229 1251 2276 l

208 2299 416 2374 cognominant.
453 2299 506 2360 sed
522 2318 652 2360 maxume
672 2300 839 2379 spectabilis
859 2301 974 2379 pothos.
997 2302 1066 2362 duo
1089 2321 1207 2380 genera
1249 2309 1250 2348 l

206 2381 304 2441 huius:
333 2399 416 2445 uuum
432 2384 477 2441 cui
496 2382 793 2460 lloshyeciuthi-est,
819 2385 894 2454 alter
914 2377 1050 2464 candidus
1069 2389 1122 2465 qui
1140 2380 1235 2448 ferend

207 2463 333 2522 nascitur
352 2463 480 2540 tumulis,
510 2467 642 2544 quoniam
661 2467 762 2534 lortius
777 2467 868 2539 durat.
888 2477 929 2542 ‚et
945 2469 995 2528 iris
1016 2478 1135 2531 aestate
1153 2473 1207 2533 llo-

206 2552 260 2604 ret.
293 2545 409 2606 Abeunt
430 2555 460 2606 et
477 2547 507 2608 bi
527 2559 773 2627 marceseuutque.
812 2550 859 2610 alii
880 2568 978 2615 rursus
1000 2549 1128 2632 subeunt
1157 2547 1208 2618 au'-

206 2634 317 2691 tumno:
349 2629 461 2689 tertium
476 2647 566 2707 gamus
582 2630 640 2708 lili,
670 2641 700 2694 et
721 2650 839 2704 crocum
857 2643 887 2694 et
902 2635 990 2694 orsini
1007 2643 1137 2716 utraque
1155 2660 1207 2718 ge-

107 2737 113 2750 x
190 2727 292 2786 lyncea,
319 2728 401 2772 unum
417 2712 524 2789 hebes,
549 2713 672 2776 alterum
684 2717 849 2793 odoratum,
875 2719 973 2795 primis
989 2709 1084 2784 omnia
1102 2723 1207 2785 imbri·

164 2793 262 2860 fiebus
277 2796 445 2864 emicantia.
479 2793 628 2860 coronarii
653 2797 765 2876 quidem
790 2809 821 2862 et
846 2801 946 2878 spinae
970 2801 1043 2862 llore
1070 2814 1207 2882 utuntur,

206 2877 314 2956 quippe
329 2897 393 2950 cum
403 2880 503 2957 spinae
521 2879 604 2940 albae
619 2882 751 2950 cauliculi
765 2883 838 2945 iuter
850 2883 1061 2951 oblectamenta
1078 2907 1208 2970 quoque

206 2960 480 3036 gulaeccndiantur.
512 2961 635 3050 lllcpeet
654 2965 834 3038 transmaria
855 2967 927 3027 crdo
947 2967 1060 3030 horum.
1096 2973 1131 3034 in
1149 2974 1207 3036 lta·

114 3114 117 3120 ι
149 3073 154 3116 .·
205 3042 347 3104 liaviolis
370 3044 603 3122 succederem,
627 3047 693 3106 buic
708 3048 860 3110 intervenit
880 3049 983 3126 lilium,
1007 3059 1110 3119 rosam
1135 3075 1208 3134 cya-

206 3143 258 3184 nus
285 3128 408 3205 excipit,
434 3145 551 3202 cyanum
576 3139 745 3192 amarantus.
780 3150 843 3195 unm
861 3134 1051 3210 ¹vicapervica
1076 3156 1211 3220 semper

206 3209 280 3268 viret
296 3209 448 3272 immodum
463 3211 548 3270 liniae
562 3211 638 3274 loliis
655 3214 838 3290 geniculatim
854 3216 1042 3295 circumdata,
1071 3227 1211 3302 topiaria

174 3343 179 3350 .
206 3289 313 3368 herba,
339 3293 462 3370 inopiam
488 3302 582 3357 tamen
605 3295 705 3372 lloruru
728 3298 880 3378 aliqnando
906 3299 1033 3379 supplet.
1076 3305 1166 3368 haec
1196 3329 1212 3369 a

207 3370 325 3434 Graecis
343 3375 571 3455 chamaedaphne
584 3387 713 3452 uocatur.
785 3405 788 3412 ·
944 3411 947 3418 ·

124 3521 127 3534 Ι
173 3460 191 3516 9
265 3457 347 3542 (40.)
370 3460 436 3521 Vite
450 3461 616 3558 longissima
638 3451 835 3526 viclae'albae
849 3467 969 3546 trimatu.
1005 3444 1043 3532 ab
1060 3489 1100 3534 eo
1125 3484 1208 3537 tem-
