2538 3864
234 195 314 244 usu.
331 195 422 244 mse.
445 193 577 248 xx1.³4
595 182 687 262 (let.)
707 215 747 230 --
762 197 848 245 xx11.
866 195 893 248 4.
911 185 968 264 (4.)
1040 184 1102 249 267

16 379 17 434 3
107 367 170 411 eum
195 349 385 426 imperatoriis
415 351 537 411 dicatum
560 350 784 429 paludamentis,
805 347 981 427 transalpina
1008 351 1102 413 (lulliu

105 432 204 494 herbis
219 430 304 507 Tyria
325 441 410 511 atque
436 433 588 510 msobyliu
605 434 709 511 tinguit
724 443 756 494 et
769 435 862 494 monle
876 431 951 492 ebes
974 434 1101 494 eolorcn

105 534 160 577 nec
184 517 296 596 quaerit
318 515 346 576 ιιι
368 515 518 594 preiundle
542 516 668 578 undriees
691 531 786 598 seque
809 513 963 578 οιιιιιιιιιιο
992 533 1100 594 escam,

16 617 17 656 ι
105 601 170 661 dum
189 601 342 678 praeripit,
369 599 463 661 beluis
483 601 569 662 muris
585 603 693 662 intucta
717 602 803 662 etium
823 601 939 677 ancoris
955 609 1103 660 'serutatur

80 704 92 745 ι
105 684 188 762 vada,
211 692 241 742 ut
256 683 381 743 iuveniat
395 700 450 763 per
463 685 541 764 quod
555 685 670 745 lucilius
683 693 813 746 matrona
829 684 959 744 adultere
973 684 1103 763 placeat,

105 776 258 846 eorrupter
272 765 421 828 insidietur
437 778 552 848 nuptus.
583 778 662 828 stans
677 777 707 828 et
721 771 750 828 in
764 770 846 830 nicee
862 769 1026 847 carpitque
1044 767 1102 826 ire
1092 777 1132 830 4
1252 799 1253 808 =

103 869 170 930 gem
186 851 289 926 mede,
309 851 363 912 sed
380 853 498 932 culpant
512 851 590 913 ablui
605 869 658 912 usu
666 853 807 930 ,ulloqui
826 847 985 928 fulgentius
1003 850 1103 910 instrui

103 944 219 1014 poterat
235 935 363 1010 luxurie,
385 946 466 997 certe
488 937 679 996 innocentius.
715 933 781 995 Non
802 943 848 996 ert
868 949 942 994 nune
967 935 1102 1013 preposi-

103 1029 161 1079 tum
174 1020 230 1079 ista
247 1022 426 1096 contentari,
451 1035 514 1095 nce¹
525 1021 733 1082 committemus
750 1029 780 1079 ut
802 1016 972 1078 subiciendo
987 1018 1104 1090 olitoria
1139 1091 1145 1098 .
1185 1021 1190 1028 '

68 1103 242 1170 reluxerieen
264 1103 374 1164 uilitate
394 1103 661 1164 ebenmsuibumus
684 1104 786 1164 dicturi
804 1112 833 1163 et
849 1096 920 1162 ulier
936 1091 1035 1162 berbin
1050 1103 1102 1160 tin·

101 1189 150 1266 gui
168 1186 298 1266 lapides,
318 1188 446 1265 parietes
467 1189 557 1267 pingi.
597 1203 653 1247 nee
677 1186 824 1264 tinguendi
846 1195 942 1246 umen
962 1185 1103 1246 rabonem
1170 1205 1179 1214 ⁴·
1225 1238 1229 1244 ,

101 1271 315 1346 emisissemus,
341 1271 366 1329 si
386 1285 518 1350 umquam
536 1285 571 1331 ea
582 1271 746 1332 liberalium
764 1272 865 1330 artium
879 1269 993 1329 inisset.
1029 1270 1130 1330 intes
1252 1321 1253 1326 ,

100 1357 153 1414 rim
176 1354 279 1414 fortius
300 1361 418 1431 agetur,
440 1357 657 1433 auctoritasque
682 1363 788 1433 quuuta
817 1351 906 1414 debet
930 1352 1015 1412 etlam
1041 1365 1103 1412 sur·

102 1437 145 1496 dis
161 1437 230 1515 [boc
245 1446 290 1496 est
305 1436 493 1518 ignobilibus}
509 1435 608 1500 berbin
624 1435 833 1517 perhibebitur,
846 1437 990 1515 siquidem
1001 1445 1102 1496 aueto-

17 1516 23 1533 “
68 1535 152 1582 rores
171 1521 273 1596 imperi
289 1519 410 1580 Romani
426 1523 651 1600 conditoresque
672 1524 830 1581 inmensum
845 1519 977 1597 quiddam
992 1528 1022 1578 et
1037 1519 1103 1579 bine

101 1617 270 1680 sumpsere,
292 1604 424 1678 queniam
438 1619 496 1662 nen
511 1604 624 1664 aliunde
640 1605 768 1681 safflnlna
782 1605 811 1662 in
825 1602 963 1663 remediis
978 1601 1103 1679 publicis

100 1688 185 1747 luere
204 1693 234 1744 et
254 1685 284 1743 in
303 1686 395 1744 sacris
415 1684 668 1766 legationibusque
683 1687 841 1747 verbenae.
874 1694 955 1745 certe
977 1693 1101 1764 utreque

100 1771 215 1830 nemine
231 1767 308 1828 idem
329 1769 522 1846 significatur,
544 1771 601 1831 beo
622 1780 667 1830 est
686 1784 806 1848 gramen
825 1785 864 1829 ex
879 1785 948 1829 arce
970 1781 1034 1828 eum
1051 1785 1102 1828 sun

102 1862 182 1913 terra
202 1850 348 1927 evolsum,
370 1869 405 1912 ae
426 1855 717 1932 temperamentis,
738 1853 852 1914 eumad
872 1852 963 1912 hostis
981 1851 1100 1929 eluriga-

66 1959 94 2001 so
103 1945 219 2015 tumque
235 1936 430 2013 mitterentur,
450 1937 541 1998 idest
561 1953 609 1997 res
625 1947 722 2016 raptas
739 1937 818 1998 elate
836 1937 1005 2015 repetitum,
1028 1947 1101 1994 unus

103 2022 202 2100 utique
216 2019 404 2079 verbenarius
419 2021 587 2081 vorabatur.

165 2103 251 2164 3.4
216 2103 251 2182 (4
255 2103 279 2182 .)
303 2101 419 2164 (lerona
441 2105 556 2183 quidem
572 2101 651 2164 nulla
667 2103 721 2164 leit
741 2085 886 2180 gramimu
907 2103 1049 2178 nobilior,
1072 2103 1128 2166 ino

103 2188 253 2248 maiestnte
281 2187 383 2266 pepuli
412 2197 551 2250 terrarum
582 2189 724 2267 principis
755 2189 947 2266 praemiisque
976 2185 1100 2261 gloriae.

103 2278 265 2350 gemmatae
283 2280 312 2331 et
327 2285 449 2348 aureae,
470 2271 615 2347 uallares,
633 2265 775 2347 murales,
798 2279 958 2346 rostratae,
981 2269 1100 2346 ciuicas,

66 2373 95 2418 rs
105 2355 291 2433 triumphales
308 2362 375 2434 post
398 2355 472 2416 bane
491 2355 574 2415 iuere
602 2363 723 2433 suntque
748 2363 870 2414 cunetae
891 2368 994 2430 magne
1014 2352 1100 2411 inter·
1166 2397 1169 2400 .

104 2437 182 2496 uelle
197 2451 356 2518 magnaque
371 2438 542 2499 differentia
577 2447 692 2498 eeteros
707 2439 799 2497 omnis
821 2437 941 2514 singuli,
965 2445 995 2496 et
1011 2435 1129 2498 ducent

104 2520 161 2599 ipsi
178 2521 427 2600 imperatoresque
444 2521 579 2582 militibus
597 2532 645 2582 aut
664 2505 817 2601 aliquando
834 2520 967 2597 conlegis
982 2518 1120 2596 dedere,

105 2604 236 2664 decreuit
260 2607 288 2663 in
310 2605 461 2685 triumphis
487 2615 602 2664 senetur
619 2619 686 2666 euru
706 2604 777 2665 belli
798 2605 908 2665 solutus
929 2612 959 2672 et
975 2601 1100 2682 populus

105 2689 232 2764 otiosus,
253 2689 283 2747 4.
306 2688 452 2764 graminea
468 2698 619 2766 numquam
632 2687 687 2746 nisi
702 2690 731 2746 in
744 2688 949 2766 desperatione
967 2699 1101 2764 suprema

68 2770 240 2848 meentigit,
262 2771 331 2831 nulli
356 2773 410 2834 nisi
442 2770 478 2832 ab
503 2772 639 2830 universo
672 2769 803 2830 exercitu
830 2779 945 2829 seruate
972 2769 1098 2829 decreta.

105 2863 220 2914 eeteras
240 2856 430 2932 imperatores
454 2850 581 2930 dedere,
609 2854 682 2914 bane
707 2853 799 2914 selene
815 2852 902 2912 miles
923 2853 1099 2929 imperatori.

105 2932 207 2998 eadem
228 2933 348 2998 vocatur
370 2937 556 2998 obsidionalis
576 2937 706 2997 liberatis
727 2935 879 2998 obsidione
896 2932 1099 2996 abominando·
1151 2947 1160 2964 ·

105 3038 161 3098 que
177 3024 255 3082 exitu
270 3022 338 3082 totis
356 3023 468 3081 oasuls.
501 3021 579 3100 qued
595 3023 619 3079 sl
635 3019 746 3080 ciuicae
765 3021 859 3080 bones
873 3035 929 3080 une
952 3017 1049 3095 alique
1063 3026 1130 3082 ace

103 3104 153 3164 uel
179 3105 333 3164 humillimo
345 3105 423 3165 eive
451 3115 567 3166 servate
593 3104 761 3184 praeclarus
795 3115 937 3181 tuomque
966 3101 1099 3176 babetur,

68 3183 174 3266 sequid
194 3188 308 3249 tandem
330 3189 485 3248 existimari
499 3189 588 3248 debet
608 3185 689 3247 unlus
709 3188 814 3246 uirtute
836 3193 969 3246 servatus
985 3183 1098 3244 uniuer-

105 3287 154 3332 sus
171 3267 338 3332 exereitus?
371 3271 499 3332 {labatur
513 3271 587 3332 baec
601 3271 714 3330 vlridIe
729 3269 858 3347 grunnire
878 3270 1018 3347 decerpto
1033 3266 1099 3327 iude

104 3353 154 3414 ubl
171 3355 311 3416 obsessos
331 3362 477 3415 servasset
495 3353 606 3435 uliquis.
638 3369 761 3432 numque
784 3368 921 3414 summum
936 3351 1013 3429 apud
1029 3351 1098 3410 enti

107 3455 179 3517 quos
196 3441 306 3518 signnm
320 3440 458 3499 uictoriae
473 3447 535 3498 erat
550 3436 668 3512 herbum
682 3438 835 3516 porrigere
847 3436 959 3512 uictos,
973 3434 1039 3496 hoe
1053 3443 1098 3494 est
