2538 3864
84 171 86 178 ’
168 199 230 264 252
512 207 543 260 0.
560 203 656 256 ruunt
674 199 833 258 0000000·
855 233 860 240 -
884 228 888 237 -
930 229 960 237 ·-

169 366 240 428 suc'i.
272 358 368 428 albara
383 373 413 426 et
426 364 538 445 aphace
553 372 672 443 atquae
686 363 777 442 picris
791 362 961 438 nominatur,
983 368 1013 421 et
1027 361 1090 440 ipsa
1104 369 1164 422 toto

169 467 243 512 anuo
259 450 377 510 llorcns.
405 465 511 510 nomeu
528 449 555 507 06
571 446 727 508 amaritudo
743 446 878 526 inposuit.
1070 449 1075 458 '

127 545 178 614 106
240 534 325 612 (66.)
345 532 485 596 Notabilis
506 541 537 594 et
561 531 663 592 scillae
685 532 824 609 crocique
844 533 961 605 000000,
984 529 1081 610 quod,
1100 547 1168 590 ‘cum
1221 589 1231 610 s

169 637 269 680 omnes
295 617 404 682 herbae
429 616 528 692 lolium
546 617 666 694 primurn
682 616 827 690 emittant,
847 631 915 673 mox
940 615 969 672 iu
991 613 1102 686 cuplem
1122 626 1168 673 ro·

168 702 337 778 tundentur,
361 703 390 762 in
404 701 440 762 iis
455 700 546 762 caulis
569 700 649 778 prior
663 698 841 775 intellegitur
858 715 941 776 quam
955 697 1070 758 lolium
1098 705 1129 756 ct
1144 699 1189 760 ina

170 802 260 851 00000
276 786 392 864 quidem
408 784 465 845 llos
479 783 628 863 inpellitur
641 782 742 858 caulo,
761 780 889 842 instilla
903 799 975 842 vero
993 781 1084 843 caulis
1102 783 1171 858 exit,

129 869 310 933 as‚sudeiude
331 888 370 930 ex
391 885 427 928 eo
451 867 506 928 dos
533 867 663 944 emergit.
693 865 852 944 eademque
873 875 919 925 ter
939 865 1087 944 doret‚·ut
1101 865 1171 926 dixi·

170 972 249 1030 mus,
277 953 331 1014 tria
346 963 478 1030 tempora
492 953 650 1018 arationum
665 949 833 1012 osteudens.

130 1047 179 1102 106
243 1036 326 1116 (67.)
348 1035 505 1097 Bulborum
521 1036 622 1114 generi
634 1034 748 1114 quidam
759 1033 945 1096 adnumerant
956 1044 988 1094 et
1001 1034 1104 1113 cypiri,
1116 1032 1174 1096 bot

172 1130 217 1183 est
231 1119 366 1199 gladioli,
393 1119 529 1180 radicem.
560 1119 654 1180 dulcis
674 1137 709 1180 ea
725 1128 770 1180 est
790 1127 910 1198 atquae
928 1119 1052 1179 decocta
1070 1123 1205 1195 panemo

172 1207 257 1266 etiam
271 1205 428 1280 gratiorem
442 1203 530 1264 faciat
543 1204 843 1284 ponderosioremque
858 1202 942 1263 simul
956 1203 1085 1264 subacta.
1108 1199 1177 1263 Non

21 1317 22 1320 ¹
173 1286 318 1361 diminuitis
334 1292 379 1345 est
395 1294 424 1345 ct
439 1303 514 1364 quae
529 1287 653 1347 thesium
670 1295 809 1360 vocatur,
829 1295 914 1360 gustu
931 1303 1046 1364 aspera.

39 1411 41 1416 ,
131 1382 182 1440 1oe
242 1358 325 1447 (68.)
348 1364 473 1427 Ceterae
494 1369 624 1428 eiusdem
644 1368 763 1444 generis
784 1366 868 1427 lolio
884 1367 1034 1428 differunt:
1067 1361 1176 1447 aspho·

173 1453 255 1516 delus
277 1452 435 1528 oblongum
455 1460 484 1511 et
498 1459 656 1528 ,augustum
675 1449 781 1525 babet,
802 1450 886 1511 scilla
911 1449 997 1510 latum
1022 1459 1051 1514 et
1068 1460 1176 1516 tracta·

172 1537 245 1616 bile,
270 1535 416 1614 gladiolus
443 1533 534 1596 simile
558 1535 673 1614 nomini,
703 1531 892 1612 hsphodelus
915 1535 1057 1596 manditur
1077 1545 1107 1596 et
1131 1547 1206 1596 sen
1245 1531 1246 1570 6

174 1624 249 1682 mine
264 1629 341 1682 tosto
359 1627 388 1680 et
407 1619 516 1694 bulbo,
539 1618 594 1683 sed
616 1615 675 1682 hoc
692 1619 721 1677 iu
738 1617 836 1678 cinere
851 1625 946 1696 tosto,
975 1618 1042 1679 dein
1061 1619 1124 1680 sale
1151 1628 1179 1678 et

175 1706 242 1767 oleo
258 1705 373 1782 addito,
399 1712 553 1783 praeterea
567 1711 650 1764 tonso
666 1717 728 1768 cum
745 1694 826 1776 licis,¹
842 1703 1000 1782 praecipua
1017 1703 1179 1781 voluptate,

174 1799 206 1850 nt
219 1789 335 1856 ¹uitiator
352 1787 498 1848 Hesiodo.
530 1785 644 1851 tradunt
665 1794 695 1846 et
715 1793 781 1850 ante
803 1792 902 1864 portas
929 1786 1062 1847 villarum
1085 1795 1180 1850 satum

134 1882 185 1938 100
196 1873 324 1932 remedio
344 1890 411 1934 0000
435 1879 535 1938 contra
554 1869 761 1936 veneficiorum
776 1870 899 1952 noriam.
929 1870 1083 1950 asphodeli
1098 1889 1185 1934 0000-Ι

176 1958 283 2015 tionem
309 1963 339 2014 et
360 1951 502 2016 llomerus
523 1953 603 2014 iecit.
633 1953 715 2014 radix
738 1954 800 2015 eins
821 1955 904 2032 napis
926 1954 1051 2037 Ι01066060
1075 1954 1208 2016 similis²⁰

177 2047 238 2113 est,
272 2055 367 2116 neque
394 2038 449 2098 alia
466 2038 659 2110 ¹numerosior
685 2051 781 2100 Lxxx
806 2037 890 2098 simul
914 2033 1059 2099 aceruatis
1086 2055 1181 2117 saepe
1246 2111 1247 2114 Ἴ

93 2173 95 2176 ,
176 2120 282 2182 bulbis.
314 2119 533 2200 Theophrastus
555 2129 584 2180 et
600 2120 664 2181 6000
689 2121 793 2182 Graeci
814 2115 1010 2200 princepsque
1030 2121 1180 2198 Pythago·
1246 2117 1247 2120 ’

176 2218 224 2264 000
242 2198 354 2266 caulem
377 2203 440 2264 eius
459 2203 613 2265 cubitalem
630 2213 660 2264 et
683 2221 773 2282 saepe
790 2203 873 2264 duum
897 2205 1072 2281 cubitorum,
1099 2205 1182 2270 loliis

178 2292 258 2368 porri
274 2287 434 2364 silvestris,
460 2285 637 2354 anthericum
657 2302 818 2363 vocavere,
842 2287 1065 2366 0066000000οο,
1089 2287 1184 2350 idest

177 2371 299 2447 bulbos,
320 2369 518 2448 asphodelum.
553 2373 644 2432 nostri
665 2369 735 2446 illud
750 2369 882 2430 albucum
903 2377 1008 2432 vocant
1025 2377 1054 2432 el
1070 2371 1210 2452 asphoat

178 2456 273 2517 delum
294 2451 435 2514 hastulam
456 2455 584 2532 regiam,
608 2453 697 2514 caulis
721 2453 846 2531 0060006,
864 2471 901 2515 00
923 2454 979 2516 600
1002 2474 1115 2536 genera
1140 2458 1183 2518 60·

136 2549 188 2603 110
199 2541 285 2600 ciunt.
316 2535 431 2597 Alhuoo
450 2553 561 2617 scapos
574 2535 721 2615 cubitalis,
742 2536 869 2614 amplus,
897 2557 985 2616 porus
994 2585 1010 2617 ‚.
1026 2539 1101 2600 levis
1109 2585 1121 2620 ,,
1147 2539 1184 2600 de

179 2637 237 2702 quo
261 2613 347 2696 llago
373 2621 516 2699 praeclplt
541 2619 619 2681 exitu
643 2620 749 2680 mensis
777 2617 875 2680 Martii
899 2631 928 2681 et
949 2611 1032 2682 'initio
1055 2614 1184 2704 llprilis,

179 2719 242 2763 cum
257 2703 403 2780 floruerit,
419 2703 554 2765 noudum
573 2705 681 2764 samiae
697 2704 759 2763 eins
780 2703 1009 2783 intumescente,
1030 2706 1183 2767 demeten-

179 2787 244 2848 dum
258 2786 465 2866 findendosque
490 2803 596 2867 scapos
621 2795 650 2847 et
665 2793 768 2867 quarto
791 2785 838 2846 die
859 2788 887 2845 iu
909 2789 1002 2850 solem
1021 2789 1214 2869 proferam-ao

120 2870 268 2948 111600,
289 2873 327 2931 ita
353 2872 453 2932 siccati
478 2870 817 2956 manipuloslaciendos.
834 2867 928 2946 ⁴ldem
948 2873 1087 2956 pistauam
1109 2874 1185 2966 dicit

145 2986 150 2999 =
180 2968 196 3016 a
211 2951 331 3018 6000060
344 2956 444 3018 vocari
459 2972 542 3032 quam
556 2954 727 3033 inter-ulvas
743 2955 874 3032 sagittam
889 2956 1079 3035 appellamus.
1104 2957 1185 3017 hauc

103 3039 106 3046 '
180 3033 427 3100 militeshanc
450 3055 542 3117 osque
562 3038 590 3096 iu
607 3037 692 3098 60000
714 3033 848 3096 Octobris
870 3041 977 3099 mensis
1000 3039 1186 3108 decorticari

180 3131 267 3200 atque
291 3123 350 3182 lsai
374 3124 438 3181 sole
463 3122 566 3183 siccari
589 3119 683 3197 iubet,
717 3119 799 3191 idem,
815 3128 850 3198 et
870 3119 1027 3197 gladiolum
1054 3119 1185 3204 alterurn

182 3221 266 3283 quem
287 3205 406 3283 cypiron
425 3214 531 3266 vocant
546 3210 575 3264 el
589 3206 682 3282 ipsum
702 3201 874 3282 palustrem,
899 3203 972 3264 Iulio
992 3199 1092 3269 mense
1113 3215 1217 3267 totoas

182 3289 276 3347 secari
291 3288 371 3348 iubet
390 3288 425 3348 ad
440 3289 568 3350 radicem
583 3289 729 3364 tertioque
748 3285 793 3345 dle
813 3285 843 3345 ln
855 3287 920 3346 sole
935 3289 1056 3362 siccari,
1079 3287 1187 3350 donec

183 3368 319 3430 candidus
335 3371 513 3445 liat,'cotidie
529 3379 624 3431 autem
639 3377 704 3430 aute
719 3368 812 3428 solem
827 3369 1008 3432 occidentem
1022 3373 1055 3444 ,60
1065 3378 1187 3434 tectum

182 3451 302 3530 0060006,
320 3455 451 3531 quoniam
466 3454 642 3534 palustribus
654 3453 780 3513 desectis
795 3456 926 3515 nocturni
939 3472 1022 3516 rores
1039 3467 1187 3519 noceant.
