2538 3864
337 208 418 258 aar.
433 206 524 258 assu.
539 145 627 255 ιιιιιι.
642 202 685 256 ιι.
700 189 852 270 (ιι-ιι.)
868 165 870 170 ⁴
1037 185 1099 250 283
1148 215 1151 226 ·

4 427 5 438 ,
96 369 173 431 hibet
188 367 270 428 vesci
284 373 316 424 ut
329 361 447 424 morbos
460 361 604 436 iaciente,
622 357 738 420 dealbo
754 357 948 418 consentiens
971 354 1100 433 Agatho⁴

4 447 6 470 ⁸
96 454 156 514 oles
175 452 259 512 etiam
276 457 376 512 contra
392 447 559 523 sanguinem
574 443 648 504 tauri
664 443 847 504 demonstrat
856 458 955 501 sucum
968 440 1040 515 eius,
1056 459 1100 498 re·

95 537 129 596 iri
131 535 309 610 geratoriam
317 541 418 592 tamen
432 532 489 590 vim
504 546 572 590 esse
588 527 723 588 convenit
741 516 826 604 nigro
841 535 871 586 et
888 524 944 584 hac
960 541 1046 583 causa
1060 525 1101 582 in·

96 618 258 700 ponendum
274 634 338 677 cum
354 613 482 693 polenta.
514 612 601 674 Zeno
610 611 709 673 radice
730 611 788 672 albi
809 609 1001 686 stranguriam
1015 607 1102 670 docet

71 705 202 763 osanam
343 747 346 754 .

155 785 240 865 (45.)
264 783 449 846 condrion
425 803 488 844 sive
501 783 671 860 chondrylle
683 783 851 846 ioliahabet
862 751 968 858 intubi,
981 783 1143 844 circum-91
1200 806 1203 828 ι

4 911 5 914 ¹
87 869 169 930 rosis
184 868 303 945 similia,
321 868 433 928 caulem
446 870 538 930 miuus
553 867 704 947 pedalem,
727 885 797 929 suco
813 867 976 928 madentem
993 851 1134 942 amaro,

4 1009 6 1042 ,
93 953 192 1014 radice
213 952 299 1014 labae
322 953 425 1028 simili,
451 952 605 1031 aliquando
630 971 793 1014 numerosa.
826 951 914 1012 habet
935 969 1103 1029 proxumam

4 1049 6 1110 t
93 1047 191 1098 terrae
211 1036 372 1102 mastichen
386 1035 540 1096 tuberculo
563 1035 762 1115 labae,-quae
783 1036 914 1115 adposita
935 1035 1103 1096 feminarum
1179 1100 1188 1110 N

62 1127 210 1182 tomeuses
230 1120 346 1181 trahere
364 1120 476 1181 dicitur.
508 1130 591 1182 tunsa
607 1139 676 1181 cum*
685 1121 831 1182 radicibus
845 1127 906 1180 tota
925 1120 1059 1182 diuiditur
1075 1121 1104 1180 iu

4 1195 5 1202 ι
95 1205 229 1285 pastillos
245 1214 345 1267 contra
363 1207 510 1286 serpentis
524 1214 692 1282 argumento
709 1204 871 1284 probabili,
887 1204 1028 1283 siquidem
1042 1222 1102 1262 mu·

4 1287 5 1376 l
93 1307 142 1349 res
154 1298 298 1366 agrestes
320 1289 393 1350 laesi
419 1289 455 1349 ab
473 1291 508 1348 iis
525 1289 600 1350 hanc
615 1308 683 1349 esse
705 1290 846 1350 dicuntur.
878 1305 964 1348 sucus
981 1305 1019 1360 ex
1035 1289 1102 1348 vino

4 1405 5 1450 1
94 1383 196 1434 coctae
217 1373 313 1434 alvom
337 1373 423 1434 sistit.
458 1374 561 1435 eadem
583 1372 789 1451 palpebrarum
804 1373 881 1450 pilos
896 1373 1102 1434 inordinatissi-

4 1457 6 1524 l
93 1475 155 1517 mos
173 1476 237 1534 pros
248 1459 349 1516 cummi
365 1457 569 1518 ellicacissimc
589 1458 675 1534 regit.
712 1456 880 1517 Dorotheus
902 1457 1052 1518 stomacho
1074 1464 1104 1516 et

4 1543 5 1552 ’
62 1552 87 1592 ιι
97 1541 344 1600 concoctionibus·
361 1542 459 1601 utilem
481 1541 659 1601 carminibus
685 1542 745 1600 suis
772 1542 975 1618 pronuntiavit.
1015 1540 1104 1618 aliqui

95 1623 208 1683 leminis
224 1633 253 1682 ct
268 1624 360 1691 oculis
373 1625 612 1700 generationique
628 1625 756 1683 virorum
768 1624 939 1684 contrariam
951 1632 1101 1702 putavere.

98 1707 242 1785 (46.)
265 1705 343 1765 luter
359 1723 484 1785 eaquae
500 1714 613 1768 temere
626 1707 794 1767 manduntur
809 1717 839 1767 et
854 1707 972 1767 boletos
996 1705 1099 1768 merito
1110 1716 1145 1770 9ι
1241 1729 1242 1736 “

95 1791 260 1891 posuerim,
291 1790 380 1868 opimi
400 1789 516 1870 quidem
535 1790 590 1853 bos
608 1790 681 1864 cibi,
709 1791 786 1850 scd
777 1808 906 1852 inmenso
923 1789 1138 1869 exemplo'
1073 1809 1101 1850 m

96 1878 206 1936 crimen
226 1873 366 1934 adductos
387 1890 501 1934 veneno
522 1873 639 1934 Tiberio
664 1871 786 1936 Claudio
811 1876 934 1954 principi
954 1893 1008 1953 per
1028 1875 1102 1935 hanc

59 1961 282 2019 nooccasionem
298 1975 314 2016 a
331 1960 453 2036 coniuge
474 1957 635 2036 Agrippina
656 1959 740 2034 dato,
764 1976 821 2036 quo
843 1959 921 2020 lacto
941 1959 994 2019 illa
1016 1960 1102 2021 terris

95 2061 237 2103 venenum
259 2041 380 2105 alterum
401 2042 514 2118 sibique
538 2051 604 2101 aute
626 2043 718 2102 omnis
740 2040 887 2102 Neronem
909 2059 990 2103 suum
1012 2043 1100 2103 dedit.

96 2123 274 2205 quorundam
289 2144 327 2186 ex
342 2125 386 2186 his
397 2125 484 2185 facile
500 2135 657 2185 noscuntur
667 2143 779 2185 venena
793 2126 883 2187 diluto
897 2126 1021 2201 rubore,
1037 2145 1100 2186 ran·

97 2209 162 2272 cido
177 2210 336 2288 adspectu,
357 2208 467 2268 livido
458 2219 532 2269 mtus
555 2210 673 2285 colore,
694 2211 800 2270 rimosa
821 2213 906 2286 stria,
923 2209 1032 2310 pallido
1047 2227 1101 2288 per

96 2293 231 2356 ambitum
246 2293 340 2354 labro
365 2285 437 2353 Non
447 2301 510 2352 sunt
526 2294 623 2353 haec
614 2311 643 2352 ιι
658 2292 843 2372 quibusdam,
860 2294 989 2373 siccique
1004 2301 1033 2352 et
1048 2309 1096 2353 ve·
1086 2301 1143 2357 ·93

4 2455 6 2460 ,
58 2391 87 2432 ιι
74 2381 139 2438 aris
152 2379 263 2440 similes
279 2357 369 2437 veluti
384 2379 505 2454 guttas
497 2396 525 2436 ιιι
538 2378 650 2437 vertice
667 2376 749 2438 albas
762 2393 799 2438 ιιι
810 2377 904 2441 tunica
922 2395 973 2437 sua
986 2387 1099 2454 gerunt.

96 2460 295 2520 volramenim
308 2471 386 2521 terra
398 2461 436 2520 ob
451 2461 509 2520 hoc
522 2463 600 2540 prius
616 2462 749 2538 gignit,
741 2478 833 2539 ipsum
844 2463 972 2540 postea
964 2481 992 2521 ιιι
1002 2460 1099 2537 volva,

97 2563 153 2604 ceu
169 2546 198 2604 in
210 2562 269 2610 ,ovo
283 2555 328 2604 est
343 2545 459 2606 luteum.
492 2563 549 2606 nec
567 2547 680 2606 tunicae
696 2546 788 2604 minor
808 2547 901 2622 gratia
922 2546 951 2604 in
972 2544 1037 2605 cibo
1059 2545 1099 2604 iu·

96 2629 182 2689 iantis
194 2627 295 2698 boleti,
322 2631 461 2708 rumpitur
474 2628 549 2689 haec
561 2631 652 2708 primo
667 2638 823 2704 nascente,
839 2647 907 2690 mcx
918 2630 1101 2690 increscente

96 2715 126 2772 in
146 2711 273 2789 pediculi
287 2726 394 2811 corpqs
410 2712 582 2788 absumitur,
600 2730 694 2773 rarum
706 2728 837 2791 umquam
852 2715 972 2790 geminis
991 2731 1029 2772 ex
1044 2729 1105 2776 mro

58 2797 187 2881 aopete.
223 2796 307 2871 origo
318 2796 421 2873 prima
443 2813 590 2873 causaque
609 2815 626 2854 e
648 2797 714 2855 limo
731 2805 761 2855 et
780 2805 936 2856 acescente
952 2813 1023 2856 suco
1040 2813 1097 2859 ma·
1109 2803 1143 2859 94

94 2874 193 2938 dentis
213 2888 309 2938 terrae
331 2888 379 2938 aut
397 2880 504 2940 radicis
524 2879 588 2939 lere
613 2879 810 2956 glandiferae,
842 2880 980 2966 initiqque
1001 2897 1101 2958 spuma

90 2963 220 3037 lentior,
238 2962 304 3022 dein
320 2979 426 3039 corpus
441 2962 623 3023 membranae
639 2963 748 3038 simile,
767 2979 834 3023 mox
849 2951 964 3042 partus,
980 2972 1010 3022 ut
1027 2963 1098 3025 dixi·
1087 2989 1127 3023 -ιι

96 3062 178 3120 mus,
200 3045 250 3106 illa
263 3045 440 3124 perniciali
431 3063 544 3126 samque
559 3046 699 3125 probandi
716 3047 791 3107 alea.
811 3065 839 3107 ιι
832 3047 986 3124 caligaris
1001 3047 1101 3106 clavos

97 3129 208 3189 lernve
216 3129 311 3207 aliqua
317 3127 421 3206 robigo
434 3132 694 3208 aulpanmmarcor
702 3130 826 3190 adiuerit
834 3133 973 3206 nascenti,
988 3145 1102 3190 omnem

57 3224 88 3266 ιι
97 3213 181 3274 ι11ιιο
203 3228 302 3272 sucum
322 3213 445 3274 alienum
457 3220 651 3294 saporemque
668 3215 697 3274 in
712 3230 854 3274 venenum
872 3217 1036 3294 concoquit.
1052 3213 1100 3274 de·

97 3295 291 3395 prehendisse
307 3297 356 3376 qui
370 3297 424 3356 nisi
445 3309 576 3374 agrestes
591 3296 733 3377 possunt?
762 3306 848 3376 atque
866 3315 942 3378 qnae
955 3298 1095 3376 colligunt
1109 3305 1142 3361 96

96 3381 155 3478 ipsu
148 3379 227 3440 'alia
240 3377 329 3440 vitia?
357 3398 395 3440 nc
411 3379 538 3459 quidam,
555 3383 579 3440 si
594 3382 739 3461 serpentis
758 3395 882 3442 caverna
903 3385 980 3442 iuxta
1003 3383 1099 3457 luerit,
1212 3375 1215 3390 ¹

99 3465 126 3524 si
139 3473 338 3543 patescentem
357 3465 450 3544 primo
466 3463 658 3580 adhalarerit,
679 3463 783 3544 ca'paci
800 3483 977 3528 venenorum
993 3483 1099 3546 oogua
