2552 3866
174 158 233 218 170
519 171 549 216 o.
566 171 661 220 emur
675 172 826 218 saeuum
884 162 887 167 ’

172 340 236 383 cern
257 331 414 382 transeunt.
451 322 682 384 crudos‘medici
695 323 827 397 ,suadent
850 324 886 384 ad
908 323 1073 401 colligenda
1093 327 1170 386 acria

170 407 315 466 viscerum
329 405 438 466 dandus
454 423 517 466 cum
530 406 591 466 sale
607 407 708 466 ieiunis
724 425 802 483 esse,
819 417 905 487 atque
918 409 957 468 ita
969 409 1170 472 vomitionibus

127 501 162 556 86
172 499 347 569 praeparant
380 499 513 550 meatum.
557 490 670 551 tradunt
701 500 730 550 et
760 491 942 569 praecordiis
974 495 1171 552 necessarium

110 564 117 579 ’
169 574 245 634 hunc
263 591 373 650 sucum,
390 575 503 653 quando
520 574 697 653 phthiriasim
714 575 795 634 cordi
810 577 885 636 intus
902 574 1097 636 inhaerentem
1113 595 1170 637 non

109 703 111 716 t
169 658 227 718 alio
250 659 392 736 potuisse.
404 658 513 736 depelli
531 667 701 736 conpertum
717 659 754 718 sit
767 659 796 718 in
813 659 951 738 Aegypto
970 659 1089 736 regibus
1105 677 1193 721 cor-s

168 759 240 820 pura
259 751 436 802 mortuorum
458 742 494 803 ad
517 741 688 802 scrutandus
709 742 828 803 morbos
842 743 1047 804 insonantibus
1071 753 1168 822 atque,

168 835 199 886 ut
214 835 259 908 est
271 824 384 886 Graeca
397 827 519 901 vanitas,
535 825 648 886 fertur
640 845 669 884 ιιι
680 827 789 905 templo
802 826 948 905 Apollinis
959 826 1083 907 Delphis
1095 828 1167 889 adeo

169 910 277 970 ceteris
294 908 366 974 cibis
383 910 530 988 praelatus
545 910 706 988 raphanus,
727 920 757 970 ut
773 929 811 970 ex
828 929 899 971 auro
916 912 1077 989 dicaretur,
1101 911 1168 976 beta

125 1005 160 1060 87
173 1013 211 1054 ex
225 1002 357 1092 argento,
375 1011 477 1074 rapum
493 1013 509 1054 e
523 993 650 1072 plumbo.
669 996 761 1056 scires
778 1011 836 1054 non
850 995 889 1056 ibi
904 997 1031 1072 genitum
1046 995 1168 1056 Manium

169 1075 308 1138 Curium
299 1088 503 1156 imperatorem
516 1096 612 1156 quem,
628 1079 793 1140 Samnitium
808 1079 912 1156 legatis
924 1097 1021 1140 aurum
1034 1080 1166 1158 repudia·
1177 1093 1203 1134 nc

144 1171 232 1222 ‘turo
245 1161 453 1238 adferentibus,
469 1180 569 1241 rapum
580 1172 739 1224 torrentem
758 1165 787 1222 in
802 1164 869 1224 foco
886 1165 1030 1222 inventum
1048 1163 1167 1224 annales

166 1247 258 1306 nostri
270 1246 437 1325 prodidere.
455 1247 572 1325 scripsit
583 1256 612 1306 et
623 1245 774 1306 Moschion
783 1245 912 1306 Graecus
923 1265 1007 1306 unum
1019 1245 1056 1304 de
1064 1246 1167 1325 rapha·

166 1349 204 1390 no
219 1330 364 1392 volumen.
390 1330 531 1392 utilissimi
547 1331 575 1386 in
593 1329 664 1387 cibis
682 1329 802 1388 hiberno
815 1337 947 1405 tempore
960 1328 1167 1407 existimantur,

150 1455 153 1462 ι
166 1413 450 1492 iidemquedentibus
458 1430 574 1490 semper
581 1412 695 1490 inimici,
705 1412 837 1488 quoniam
847 1418 979 1470 atterant.
987 1409 1077 1472 ebora
1085 1422 1168 1474 certe

168 1498 289 1577 poliunt
309 1498 404 1558 odium
417 1499 462 1558 his
475 1514 537 1556 oum
548 1495 606 1554 vite
621 1510 790 1592 maxumum,
803 1493 968 1571 refugitque
983 1495 1206 1556 iuxtasatos.1s
1222 1558 1227 1564 ,

124 1592 160 1647 88
230 1581 315 1660 (27.)
339 1580 509 1658 lignosiora
531 1587 596 1640 sunt
618 1577 760 1656 reliqua
751 1595 779 1636 m
801 1578 998 1657 cartilaginum
1018 1597 1127 1655 genere
1149 1599 1166 1640 a

166 1665 251 1725 nobis
273 1667 384 1744 posita,
406 1666 564 1742 mirumque
585 1661 714 1722 omnibus
729 1662 940 1722 vehementiam
955 1664 1068 1741 saporis
1086 1681 1164 1724 esse.

168 1768 206 1810 ex
227 1750 271 1810 his
292 1750 458 1828 pastinacae
473 1765 557 1808 unum
570 1764 662 1824 genus
677 1755 793 1822 agreste
810 1755 913 1825 sponte
929 1743 1079 1825 provenit,
1106 1755 1164 1808 sta·

167 1833 302 1913 phyliaos
323 1830 435 1890 Graece
457 1831 567 1889 dicitur.
597 1830 717 1890 alterum
738 1831 843 1890 seritur
864 1829 962 1890 radice
985 1831 1034 1890 vel
1055 1831 1164 1895 semine

167 1935 238 1976 vere
256 1915 349 1991 primo
366 1912 414 1972 vel
431 1921 579 1988 autumno,
602 1921 632 1971 ut
647 1911 760 1991 Hygino
776 1913 882 1992 placet,
899 1911 1077 1989 Februario,
1104 1913 1163 1973 Au·
1173 1928 1200 1969 ao

123 2011 158 2066 89
167 2006 263 2075 gusto,
280 1995 455 2073 Septembri,
473 1993 603 2093 Octobri,
617 1996 682 2056 solo
696 2015 778 2074 quam
791 1997 930 2057 altissime
943 1997 1070 2058 refosso.
1086 1999 1162 2056 anni·

167 2079 231 2140 cula
246 2079 324 2140 utilis
340 2097 408 2138 esse
424 2078 538 2178 incipit,
553 2079 628 2140 bima
644 2081 755 2157 utilior,
771 2083 881 2159 gratior
895 2090 1028 2142 autumno
1044 2082 1161 2161 patinis·

166 2182 224 2242 qne
243 2181 391 2238 maxume,
414 2172 443 2224 et
464 2164 507 2224 sic
528 2181 645 2243 quoque
665 2165 744 2226 virus
759 2164 941 2226 intractabile
958 2165 999 2225 illi
1015 2175 1069 2226 est.
1113 2164 1162 2224 lli-

165 2247 277 2310 biscum
292 2266 309 2310 a
325 2250 472 2329 pastinaca
489 2249 650 2326 gracilitate
666 2249 766 2324 distat,
788 2249 947 2310 damnatum
961 2251 989 2307 in
1004 2247 1092 2324 cibis,
1109 2248 1163 2308 sed

165 2333 325 2393 medicinae
346 2334 426 2394 utile.
456 2341 501 2394 est
521 2341 550 2392 et
569 2341 698 2410 quartum
712 2351 804 2409 genus
819 2333 847 2392 in
862 2333 964 2394 eadem
978 2332 1199 2395 similitudinem

166 2417 332 2494 pastinacae
348 2435 432 2494 quam
446 2417 536 2475 nostri
551 2414 687 2476 Gallicam
701 2425 816 2492 vocant,
833 2415 937 2477 Graeci
951 2433 1021 2476 vero
1037 2415 1161 2491 daneon,

167 2500 246 2561 cuius
262 2517 371 2575 genera
385 2501 471 2558 etiam
488 2506 620 2577 quattuor
634 2498 744 2578 fecere,
760 2501 834 2558 inter
849 2499 960 2561 medica
975 2498 1135 2559 dicendum.

123 2595 159 2649 90
229 2581 312 2660 (28.)
334 2582 415 2642 Siser
436 2591 465 2642 et
484 2583 576 2660 ipsum
593 2581 724 2642 Tiberius
747 2583 883 2660 princeps
905 2580 1063 2659 nobilitavit
1078 2582 1160 2658 llagi-

165 2674 228 2726 taos
243 2661 375 2726 omnibus
387 2666 466 2726 annis
478 2683 495 2725 a
508 2662 666 2726 Germania.
692 2664 823 2728 Gelduba
835 2665 997 2744 appellatur
1009 2665 1161 2728 castellum

57 2810 62 2827 Ι
114 2784 122 2808 -.
162 2748 268 2810 Βιιοιιο
288 2750 441 2828 inpositum
460 2749 507 2810 ubi
522 2750 703 2826 generositas
719 2750 892 2828 praecipua,
914 2767 951 2808 ex
965 2767 1022 2829 quo
1039 2749 1195 2827 adparetao

164 2832 276 2910 frigidis
292 2833 366 2894 locis
380 2835 544 2894 convenire.
562 2834 637 2894 inest
651 2832 827 2909 longitudine
842 2849 948 2898 nervos
965 2835 1012 2911 qui
1028 2832 1160 2894 decoctis

165 2917 342 2991 extrahitur,
371 2918 562 2979 amaritudinis
589 2925 683 2976 tamen
706 2933 808 2994 magna
831 2925 913 2994 parte
933 2917 1052 2992 relicta,
1085 2933 1159 2993 qnae

165 3001 257 3061 mulso
269 3003 298 3060 in
310 3000 384 3063 cibis
391 3008 551 3079 temperata
558 3000 643 3060 etiam
654 3000 682 3058 in
693 3001 813 3076 gratiam
822 3001 950 3059 vertitur.
964 3017 1071 3060 nervos
1082 2996 1159 3058 idem

166 3092 196 3144 et
212 3085 377 3162 pastinacae
395 3085 511 3158 maiori,
528 3081 671 3144 dumtaxat
689 3081 846 3143 anniculae.
873 3083 972 3143 siseris
989 3091 1067 3142 satus
1079 3100 1157 3142 men·

165 3167 244 3226 sibus
259 3165 427 3242 Februario,
439 3166 551 3241 illartio,
564 3165 668 3245 Aprili,
680 3165 822 3242 Augusto,
839 3165 1012 3244 Septembri,
1027 3165 1156 3226 Octobri.
1168 3181 1197 3224 as

122 3260 156 3314 91
230 3248 314 3328 (29.)
337 3251 458 3310 Brevior
481 3250 524 3309 his
549 3259 593 3310 est
614 3259 643 3309 et
663 3251 789 3310 torosior
810 3250 988 3330 amariorque
1010 3249 1085 3310 inula
1103 3267 1158 3327 per

164 3349 199 3402 se
214 3335 362 3397 stomacho
377 3333 578 3408 inimicissima,
595 3333 695 3394 eadem
710 3332 841 3395 dulcibus
853 3333 946 3393 mixtis
958 3333 1158 3398 saluberrima.

165 3413 295 3494 pluribus
315 3416 406 3476 modis
427 3418 593 3478 austeritate
617 3417 692 3476 ricta
708 3418 834 3494 gratiam
847 3417 962 3478 invenit.
989 3434 1111 3505 aramque
1127 3423 1159 3476 et
