2534 3866
230 199 234 222 ’
300 231 379 283 unu.
396 203 487 285 mrsu.
501 238 585 285 xum.
604 227 887 307 15—18.(25-29.)
908 237 918 257 ⁸
1046 231 1087 294 67

16 383 17 402 ¹
83 387 246 446 insitorum
258 390 381 448 omnium
393 389 504 450 ducitur
516 391 657 469 platanus,
674 400 777 468 postea
790 392 887 468 robur,
899 411 997 465 verum
1009 385 1084 462 utra·

16 481 17 502 ι
98 487 153 547 que
171 487 295 548 sapores
312 476 476 551 corrumpit.
505 474 642 552 quaedam
658 477 732 534 omni
748 493 858 551 genere
869 477 1039 556 inseruntur,
1054 491 1086 542 ut

16 547 18 618 ζ
96 554 178 628 ficus,
188 563 217 612 ut
228 556 361 632 punicae.
377 556 443 615 vitis
454 559 622 635 nonrecipit
633 557 798 635 emplastra,
808 577 863 618 neo
876 559 977 636 quibus
992 567 1084 623 tenuis

96 644 143 696 aut
162 636 289 696 caducus
303 640 485 717 rimosusque
502 649 620 714 cortex,
639 659 734 718 neque
748 642 969 703 inoculationem
987 647 1084 708 siccae

75 729 143 784 aaut
164 721 272 780 umoris
297 722 402 798 exigui.
440 723 617 784 fertilissima
638 725 761 784 omnium
786 725 958 802 inoculatio,
981 737 1083 805 postea

96 803 304 882 emplastratio,
320 805 372 864 sed
388 815 507 885 utraque
521 801 719 866 infirmissima.
746 815 775 866 et
787 811 982 888 quaelcortice
994 812 1083 870 nitun-

95 896 140 945 tur
153 896 261 946 tantum
276 888 323 947 vel
339 888 397 947 levi
415 907 483 949 aura
501 891 636 949 ocissime
652 889 861 968 deplantantur.
893 893 1022 953 inserere
1037 895 1083 954 lir-

94 971 249 1029 missimum
266 979 295 1029 et
308 970 458 1033 fecundius
476 989 560 1052 quam
576 991 686 1031 serere,

154 1055 203 1113 17.
231 1052 258 1111 N
260 1069 297 1111 on
310 1062 355 1112 est
369 1055 523 1132 omittenda
538 1057 640 1128 raritas
655 1058 737 1116 unius
750 1058 885 1135 exempli.
904 1056 1062 1119 ,corellius
1074 1071 1125 1124 122

67 1158 87 1197 uo
97 1135 338 1215 equesliomanus
351 1136 457 1196 Ateste
466 1139 578 1214 genitus
589 1140 694 1200 insevit
706 1149 868 1200 castaneam
879 1145 1083 1220 suometipsam

16 1215 17 1286 ζ
95 1219 211 1278 surculo
226 1222 257 1278 in'
269 1218 463 1298 Neapolitano
479 1237 560 1298 agro.
591 1223 632 1280 sic
650 1222 727 1282 lacta
745 1232 789 1282 est
805 1233 940 1284 castanea
958 1243 1030 1303 quae
1046 1225 1082 1286 ab

16 1301 18 1356 ἲ
95 1319 129 1361 οο
151 1319 257 1361 nomen
278 1305 392 1382 accepit
411 1306 487 1363 iuter
501 1305 641 1366 laudatas.
674 1316 777 1383 postea
797 1305 931 1366 Etereius
954 1309 1082 1370 eiusdem

95 1385 215 1444 libertus
230 1383 422 1447 Corellianam
444 1389 546 1448 iterum
566 1389 679 1448 insevit.
709 1389 782 1450 haec
796 1399 847 1456 ¹est
867 1391 940 1451 inter
960 1410 1010 1451 eas
1028 1392 1080 1456 dii·

93 1468 231 1528 ierentia:
247 1469 297 1528 illa
312 1471 470 1547 copiosior,
486 1471 561 1531 haec
574 1470 729 1532 Etereiana
742 1472 854 1534 melior.

66 1575 86 1616 1⁵
141 1551 237 1634 1(27.)
269 1551 391 1630 Reliqua
405 1572 515 1630 genera
530 1572 615 1614 casus
630 1555 746 1636 ingenio
765 1573 817 1614 suo
833 1559 1009 1633 excogitavit
1025 1576 1060 1618 ac
1071 1568 1123 1624 123

16 1661 17 1664 ¹
94 1635 241 1694 defractos
255 1653 355 1694 serere
369 1654 466 1696 ramos
479 1637 587 1712 docuit,
603 1655 666 1695 oum
680 1637 738 1714 pali
753 1637 840 1696 delixi
854 1640 968 1698 radices
984 1643 1079 1718 cepis·
1112 1686 1116 1693 .

93 1727 166 1777 sent.
199 1718 287 1778 multa
304 1720 347 1781 sio
361 1729 495 1782 seruntur
509 1720 695 1797 inprimisque
709 1719 780 1777 licus
796 1721 924 1778 omnibus
940 1722 1002 1781 aliis
1019 1741 1077 1781 mo-

93 1801 135 1860 dis
153 1819 276 1860 nascens
292 1811 495 1879 praeterquam
509 1803 602 1877 talea,
622 1811 740 1880 optume
756 1802 885 1878 quidem,
909 1804 934 1862 si
951 1805 1078 1864 vastiore

92 1902 169 1944 ramo
185 1884 244 1964 pali
259 1885 345 1944 modo
364 1892 488 1944 exacuto
504 1885 633 1962 adigatur
655 1885 728 1961 alte,
751 1885 857 1964 exiguo
870 1905 959 1964 snper
973 1896 1079 1948 terram

62 1967 193 2046 torelicto
216 1968 311 2044 capite
334 1985 429 2047 eoque
450 1969 513 2044 ipso
535 1967 640 2027 harena
661 1978 814 2046 cooperto.
847 1981 1087 2052 ramoseruntur

16 2013 18 2162 i
91 2061 119 2109 et
134 2053 256 2128 punica,
277 2050 472 2127 palislaxato
494 2052 572 2127 prius
593 2059 704 2124 meatu,
725 2053 932 2129 itemmyrtus,
956 2057 1077 2115 omnium

16 2175 17 2206 ,
90 2133 189 2193 hurum
201 2133 381 2209 longitudine
393 2136 475 2193 trium
487 2132 600 2210 pedum,
612 2133 800 2203 crassitudine
811 2136 1075 2216 minusbracchiali,

16 2207 17 2272 i
91 2220 199 2276 cortice
216 2217 371 2292 diligenter
385 2225 511 2290 servato,
527 2224 778 2298 truuooexacuto.

16 2281 17 2366 f
151 2299 235 2378 (28.)
269 2298 379 2372 Myrtus
404 2308 433 2358 et
459 2298 543 2359 taleis
569 2300 688 2374 seritur,
715 2315 811 2357 morus
834 2297 911 2358 talea
937 2307 1051 2376 tantum,
1067 2314 1117 2366 124

58 2384 223 2460 rsqnoniam
237 2384 266 2442 in
280 2381 356 2443 ulmo
373 2401 435 2442 eam
452 2383 540 2442 inseri
555 2381 660 2458 religio
676 2381 818 2458 fulgurum
832 2381 975 2460 prohibet.
1001 2399 1075 2460 vqua·

16 2457 17 2528 }
51 2491 60 2500 ·
88 2475 212 2544 propter
227 2465 264 2524 de
279 2464 417 2524 talearum
437 2474 500 2524 satu
516 2482 588 2524 nuuc
604 2465 754 2524 dicendum
770 2474 845 2524 est·
857 2464 1032 2526 Servandum
1046 2467 1075 2524 iu

16 2549 17 2578 ¹
89 2567 124 2609 eo
149 2558 216 2618 ante
238 2549 332 2608 omnia
347 2557 386 2608 ut
407 2548 501 2608 taleae
530 2567 567 2616 ex
587 2547 733 2607 feracibus
755 2549 822 2608 bant
846 2548 1012 2625 arboribus,
1039 2568 1075 2608 ue

16 2609 18 2718 i
87 2651 213 2707 curvae,
237 2649 311 2692 neve
329 2630 449 2690 scabrae
466 2640 512 2691 aut
532 2630 678 2705 bifurcae,
696 2649 769 2691 neve
785 2634 930 2691 tenuiores
947 2650 1029 2710 quam
1045 2643 1075 2692 ut

16 2743 17 2748 ¹
87 2733 201 2776 manum
222 2709 363 2792 inpleant,
385 2733 422 2775 ne
443 2714 568 2771 minores
584 2712 750 2790 pedalibus,
772 2725 802 2773 ut
825 2716 941 2775 inlibato
965 2717 1074 2775 cortice

55 2809 177 2877 aoatque
192 2806 221 2858 ut
236 2807 350 2858 sectura
364 2797 484 2856 inferior
498 2804 619 2872 ponatur
633 2813 749 2872 semper
766 2807 795 2857 et
817 2799 893 2874 quod
910 2799 964 2856 erit
979 2799 1014 2858 ab
1029 2816 1073 2857 ra·

88 2885 171 2956 dice,
188 2880 442 2959 adcumuleturque
461 2878 630 2955 germinatio
645 2888 739 2952 terra,
765 2880 858 2942 donec
872 2880 1075 2968 robur-planta

89 2985 121 3026 ca
145 2967 192 3025 iat.

16 3029 21 3136 i
125 2984 200 3110 p18.
226 3048 309 3126 (29.)
331 3046 413 3119 Quae
430 3043 615 3104 custodienda
631 3046 658 3103 in
673 3046 799 3104 olearum
815 3043 967 3106 curaCato
982 3045 1115 3110 iudi-125

16 3195 17 3198 ,
87 3134 198 3194 caverit
214 3132 304 3210 ipsius
319 3129 417 3189 verbis
434 3137 549 3206 optume
565 3128 789 3205 praecipiemus:
812 3129 945 3190 Taleae
969 3129 1071 3188 olea·
1175 3171 1178 3184 ..

53 3219 219 3293 osgineas
246 3231 334 3292 quas
359 3216 392 3285 in
413 3211 547 3271 scrobe
568 3219 714 3270 saturus
735 3214 813 3272 eris
836 3211 1071 3290 tripedaneas

16 3329 17 3352 ι
85 3293 1069 3373 facito,d·iligenterquetractato,neliberlaboret,

87 3401 165 3442 oum
191 3380 341 3440 dolabis
362 3387 422 3437 aut
448 3376 607 3438 secabis.
638 3393 726 3454 quas
746 3381 779 3438 in
800 3379 993 3440 seminario
1014 3398 1069 3439 sa-

84 3459 584 3538 turuserispedalisiacito.
617 3462 935 3604 cassicinserpto:
964 3462 1070 3521 locus

16 3721 17 3750 l
