2538 3864
147 128 224 223 236'
474 165 778 226 summasunmna

147 337 208 403 est,
229 324 282 386 sub
303 325 368 403 ipso
390 323 480 400 dore,
507 331 637 400 opertum
657 321 803 398 lanugine.
834 319 872 380 ob
892 320 922 380 id
945 321 1040 400 potius
1064 322 1149 384 caule

146 412 267 474 conciso
294 410 474 482 inseruntur,
502 417 531 466 et
556 405 660 465 ocellis
686 405 808 480 radicis,
835 413 865 464 ut
887 403 1036 481 harundo,
1065 425 1150 466 unum

146 511 238 574 genus
256 494 393 553 inseritur
408 490 552 570 pallidae,
574 490 728 568 spinosae,
750 489 926 564 longissimis
943 490 1051 567 virgis,
1069 492 1149 570 quin-

103 593 135 646 ιι
150 577 314 659 queioliae,
342 593 417 654 quae
436 573 556 634 Graecis
577 573 668 632 altera
692 581 746 632 est.
781 574 873 632 omnis
893 582 988 634 autem
1004 576 1150 634 recisione

147 673 233 742 atque
247 661 362 720 ustione
378 659 511 737 prolicit,
527 656 713 716 translatione
730 673 857 735 quoque,
874 665 905 715 ut
921 658 1014 735 vites,
1032 667 1176 736 optumos

146 748 340 822 ocissimeque
363 743 498 821 provenit
523 739 645 800 surculis
666 749 836 818 quaternum
856 739 1010 817 digitorum
1026 742 1150 819 longitu-

146 832 211 892 dine
230 838 278 888 aut
301 827 441 906 ampliore
463 834 530 904 post
546 824 732 899 vergiliarum
751 840 887 884 occasum
905 833 984 900 sata,
1008 824 1075 885 dein
1096 841 1151 904 per

145 914 292 975 lavonium
319 910 458 971 translata
484 907 637 987 pedalibus
659 907 819 972 interuallis
841 906 1005 986 crebroque
1028 910 1150 969 circum·

146 999 237 1058 losse.
275 995 323 1073 qui
344 1010 519 1071 praecocem
538 992 647 1052 iaciunt
669 991 765 1070 pedali
786 993 865 1051 circa
890 992 1019 1052 radicem
1042 991 1150 1053 scrobe

146 1098 249 1162 aquarn
266 1077 387 1138 calidam
401 1077 551 1136 infundunt
566 1077 728 1153 germinare
743 1077 899 1154 incipiente
916 1077 1029 1153 calyce.
1161 1098 1188 1139 uo

104 1177 138 1231 22
200 1166 229 1223 5.
255 1159 338 1238 (11.)
359 1158 459 1219 hilium
473 1177 560 1224 rosae
572 1159 721 1226 nobilitate
736 1177 905 1238 proxumum
922 1170 968 1219 est
983 1171 1013 1221 et
1027 1161 1150 1238 quadam

38 1284 71 1323 -‚
149 1245 320 1324 cognatione
342 1245 479 1318 unguenti
501 1244 618 1321 oleique
635 1243 710 1320 quod
727 1243 835 1302 lilinum
851 1244 1025 1320 appellatur.
1063 1247 1150 1304 etin·
1233 1234 1236 1243 ’

146 1331 270 1411 positum
291 1326 376 1386 etiam
398 1342 530 1383 maxume
551 1342 635 1383 rosas
658 1326 745 1384 decet
764 1323 860 1382 medio
883 1336 1026 1403 proventu
1050 1345 1153 1387 earum

13 1407 15 1416 ’
104 1412 301 1490 atincipiens.
340 1421 397 1468 nec
416 1407 467 1467 ulli
487 1407 589 1467 lloruru
613 1407 769 1466 excelsitas
786 1407 893 1483 maior,
910 1409 1051 1468 interdurn
1069 1410 1152 1470 cubi·
1247 1449 1249 1516 p

146 1507 238 1557 torum
253 1496 352 1567 trium,
372 1491 507 1568 languido
526 1508 642 1568 semper
658 1490 734 1550 collo
751 1499 780 1549 et
795 1507 853 1550 nou
869 1491 1030 1552 sufficiente
1045 1496 1149 1572 capitis
1163 1513 1192 1553 rs
1248 1517 1250 1574 ¹,

146 1581 239 1641 oneri.
277 1578 385 1638 candor
400 1577 462 1635 eius
477 1576 597 1635 eximius
612 1573 684 1634 ioris
702 1574 792 1634 striati
809 1583 838 1634 et
853 1575 888 1635 ab
907 1577 1047 1653 angustiis
1063 1578 1093 1636 in
1108 1567 1149 1638 la·
1250 1606 1251 1634 ι

65 1703 70 1715 .
146 1664 295 1726 titudinem
308 1659 443 1740 paulatim
458 1677 525 1719 sese
540 1658 663 1728 laxantis
680 1658 778 1734 elligie
794 1658 917 1736 calathi,
933 1662 1078 1740 resupinis
1094 1679 1151 1740 per
1251 1678 1252 1710 ι

148 1748 283 1810 ambitum
304 1743 393 1805 labris
414 1745 550 1821 tenuique
570 1743 629 1821 pilo
648 1751 678 1803 et
694 1743 830 1817 stamine,
853 1744 992 1803 stantibus
1011 1746 1039 1804 in
1053 1745 1149 1804 medio
1252 1752 1253 1800 l

77 1825 81 1831 “
149 1833 255 1893 crocis.
288 1831 327 1888 ita
348 1828 423 1887 odor
439 1828 580 1905 colorque
596 1825 719 1904 duplex,
742 1835 771 1885 et
787 1825 859 1886 alius
877 1827 987 1901 calycis
1003 1829 1075 1888 alius
1092 1837 1149 1889 sta·
1252 1896 1255 1922 ,

148 1917 247 1988 minis,
273 1911 434 1971 differentia
454 1919 584 1987 angusta.
613 1911 642 1968 in
661 1911 798 1986 unguenti
817 1926 889 1970 vero
910 1910 1028 1990 oleique
1045 1930 1099 1971 usu
1120 1922 1151 1972 et
1159 1925 1190 1966 ao

148 1998 219 2059 lolia
243 2011 301 2062 non
329 2003 511 2072 spernuntur.
546 1991 600 2052 Est
624 1992 679 2052 dos
704 2011 761 2054 non
785 1992 930 2060 dissimilis
950 1995 992 2054 illi
1012 1997 1040 2054 in
1058 1995 1151 2056 herba

150 2096 232 2158 quam
249 2076 453 2138 convolvolum
466 2087 589 2152 vocant,
604 2093 726 2136 nascens
742 2094 795 2154 per
807 2076 946 2153 frutecta,
963 2079 1043 2141 nullo
1056 2079 1151 2139 odore

149 2180 204 2223 nec
221 2163 316 2222 crocis
331 2163 421 2236 intus,
438 2160 592 2221 candorem
607 2167 713 2219 tantum
727 2160 859 2219 referens
875 2178 910 2220 ac
925 2163 1014 2222 veluti
1028 2172 1150 2223 naturae

106 2255 141 2310 24
151 2247 339 2307 rudimentum
354 2245 413 2304 lilia
429 2244 530 2304 lacere
547 2243 750 2314 condiscantis.
779 2242 855 2302 Alba
870 2244 929 2304 lilia
946 2245 1047 2306 iisdem
1059 2248 1150 2306 omui·

148 2331 202 2391 bus
221 2329 313 2390 modis
329 2336 463 2388 seruntur
478 2326 581 2404 quibus
601 2343 685 2400 rosa,
709 2335 737 2385 et
757 2327 813 2386 hoc
828 2328 949 2406 amplius
965 2329 1082 2390 lacrima
1097 2347 1191 2392 ouans

149 2423 178 2474 ut
199 2409 429 2490 hipposelinum,
451 2408 580 2487 nihilque
601 2418 645 2467 est
661 2409 811 2470 iocundius
826 2427 881 2470 una
895 2411 994 2472 radice
1009 2414 1152 2492 quinqua-

148 2512 241 2576 genos
267 2511 359 2572 saepe
382 2492 530 2550 emittente
550 2491 664 2550 bulbos.
701 2491 755 2552 Est
783 2501 811 2552 et
832 2493 939 2554 rubeus
960 2493 1050 2556 lilium
1070 2499 1153 2575 quod

149 2577 253 2639 Graeci
277 2579 377 2636 crinon
393 2583 513 2651 vocant,
532 2573 580 2634 alii
600 2573 701 2635 liorem
722 2577 784 2636 eius
802 2578 1014 2651 cynorrhodon.
1049 2580 1151 2641 lauda·

148 2661 288 2720 tissimum
303 2660 332 2717 in
349 2658 503 2718 Antiochia
518 2658 707 2720 ethaodic'ea
722 2661 842 2735 Syriae,
858 2677 926 2721 mox
940 2664 969 2722 in
983 2661 1149 2723 Phaselide.

150 2753 280 2822 quartum
293 2742 389 2803 locum
404 2743 516 2820 optinet
530 2743 559 2801 in
572 2741 653 2803 ltalia
668 2761 801 2811 nascens.
1072 2775 1073 2782 .
1161 2772 1191 2815 ω

106 2837 140 2891 25
213 2827 296 2907 (1-2.)
330 2828 401 2886 Sunt
424 2834 453 2885 et
475 2843 621 2904 purpurea
642 2827 717 2902 lilia,
741 2826 894 2903 aliquando
915 2829 1031 2904 gemino
1052 2830 1149 2906 caule,

130 2953 132 2956 -
150 2913 317 2972 carnosiore
340 2917 446 2970 tautum
468 2909 569 2968 radice
589 2910 762 2987 maiorisque
781 2908 875 2986 bulbi,
897 2911 950 2971 sed
964 2913 1149 2992 uuius,⁴nar-

120 3027 127 3036 ·
150 2997 255 3056 cissum
276 3002 391 3056 vocant.
424 2992 505 3051 huius
527 2991 648 3052 alterum
668 3009 762 3070 genus
781 2991 854 3052 tiore
879 2995 1017 3070 candido,
1044 2995 1149 3072 calyce

93 3119 95 3128 ι
150 3095 307 3158 purpureo.
340 3076 500 3137 differentia
519 3093 534 3134 a
556 3074 623 3134 liliis
643 3085 689 3134 est
708 3084 737 3134 et
758 3076 849 3152 haec,
872 3078 948 3156 quod
964 3079 1102 3156 narcissis
1119 3080 1150 3138 in

149 3161 248 3222 radice
267 3161 338 3222 folia
361 3168 442 3234 suut,
464 3156 674 3237 probatissimis
699 3159 727 3217 iu
748 3157 853 3234 Lyciae
877 3160 1029 3221 montibus.
1057 3163 1191 3226 tertioas

150 3245 251 3321 generi
268 3254 365 3304 cetera
382 3242 603 3323 eadem,‚calyx
616 3242 787 3302 herbaceus.
813 3259 911 3303 omnes
928 3246 1060 3321 serotini,
1078 3256 1149 3323 post

70 3321 74 3330 ’
153 3336 295 3387 arcturum
311 3328 384 3386 enirn
399 3325 503 3386 dorent
521 3343 555 3384 ac
570 3342 622 3403 per
642 3326 851 3402 aequinoctium
867 3336 1036 3388 autumnum.

109 3417 144 3474 26
218 3410 301 3486 (13.)
321 3409 440 3469 iuventa
455 3417 499 3468 est
513 3417 543 3468 et
557 3410 585 3468 iu
599 3409 727 3469 hieratio
739 3411 885 3473 inserendi
899 3413 1082 3474 monstrificis
1094 3413 1146 3474 ho-
