<?xml version="1.0" encoding="UTF-8"?>
<!DOCTYPE html PUBLIC "-//W3C//DTD XHTML 1.0 Transitional//EN"
    "http://www.w3.org/TR/xhtml1/DTD/xhtml1-transitional.dtd">
<html xmlns="http://www.w3.org/1999/xhtml" xml:lang="en" lang="en">
 <head>
  <title>
</title>
<meta http-equiv="Content-Type" content="text/html;charset=utf-8" />
  <meta name='ocr-system' content='tesseract 3.04.00' />
  <meta name='ocr-capabilities' content='ocr_page ocr_carea ocr_par ocr_line ocrx_word'/>
</head>
<body>
  <div class='ocr_page' id='page_1' title='image "./cplinisecundina23plingoog_0295.png"; bbox 0 0 2538 3864; ppageno 0'>
   <div class='ocr_carea' id='block_1_1' title="bbox 161 184 813 250">
    <p class='ocr_par' dir='ltr' id='par_1_1' title="bbox 161 184 813 250">
     <span class='ocr_line' id='line_1_1' title="bbox 161 184 813 250; baseline -0.006 -2"><span class='ocrx_word' id='word_1_1' title='bbox 161 184 222 250; x_wconf 83' lang='lat'><strong>238</strong></span> <span class='ocrx_word' id='word_1_2' title='bbox 314 193 318 210; x_wconf 86' lang='lat'><strong><em>¹</em></strong></span> <span class='ocrx_word' id='word_1_3' title='bbox 510 198 539 246; x_wconf 87' lang='lat' dir='ltr'><strong>c.</strong></span> <span class='ocrx_word' id='word_1_4' title='bbox 555 198 650 246; x_wconf 77' lang='lat' dir='ltr'><strong>nunu</strong></span> <span class='ocrx_word' id='word_1_5' title='bbox 664 198 813 247; x_wconf 78' lang='lat' dir='ltr'><strong>securam</strong></span> 
     </span>
    </p>
   </div>
   <div class='ocr_carea' id='block_1_2' title="bbox 52 349 1259 3520">
    <p class='ocr_par' dir='ltr' id='par_1_2' title="bbox 70 349 1160 432">
     <span class='ocr_line' id='line_1_2' title="bbox 70 349 1160 432; baseline 0.003 -24"><span class='ocrx_word' id='word_1_6' title='bbox 70 402 74 408; x_wconf 82' lang='grc'><strong><em>,</em></strong></span> <span class='ocrx_word' id='word_1_7' title='bbox 161 352 347 432; x_wconf 81' lang='lat' dir='ltr'><strong>Centuripino</strong></span> <span class='ocrx_word' id='word_1_8' title='bbox 376 351 503 412; x_wconf 89' lang='lat' dir='ltr'><strong>Siciliae.</strong></span> <span class='ocrx_word' id='word_1_9' title='bbox 539 352 626 430; x_wconf 82' lang='lat' dir='ltr'><strong>aliqui</strong></span> <span class='ocrx_word' id='word_1_10' title='bbox 655 350 789 412; x_wconf 81' lang='lat' dir='ltr'>Theraeo</span> <span class='ocrx_word' id='word_1_11' title='bbox 813 349 1091 416; x_wconf 74' lang='lat' dir='ltr'><strong>secundumlocum</strong></span> <span class='ocrx_word' id='word_1_12' title='bbox 1112 350 1160 412; x_wconf 92' lang='lat' dir='ltr'><strong>de·</strong></span> 
     </span>
    </p>

    <p class='ocr_par' dir='ltr' id='par_1_3' title="bbox 117 433 1162 681">
     <span class='ocr_line' id='line_1_3' title="bbox 117 433 1161 514; baseline -0.005 -12"><span class='ocrx_word' id='word_1_13' title='bbox 117 447 152 502; x_wconf 75' lang='lat' dir='ltr'><strong>sl</strong></span> <span class='ocrx_word' id='word_1_14' title='bbox 163 438 243 498; x_wconf 84' lang='lat' dir='ltr'><strong>dere.</strong></span> <span class='ocrx_word' id='word_1_15' title='bbox 277 435 465 496; x_wconf 78' lang='lat' dir='ltr'><strong>Adulteratur</strong></span> <span class='ocrx_word' id='word_1_16' title='bbox 479 436 549 495; x_wconf 81' lang='lat' dir='ltr'><strong>nihil</strong></span> <span class='ocrx_word' id='word_1_17' title='bbox 563 453 668 514; x_wconf 87' lang='lat' dir='ltr'><strong>aeque.</strong></span> <span class='ocrx_word' id='word_1_18' title='bbox 702 435 835 514; x_wconf 87' lang='lat' dir='ltr'><strong>probatio</strong></span> <span class='ocrx_word' id='word_1_19' title='bbox 853 435 976 512; x_wconf 81' lang='lat' dir='ltr'><strong>sinceri,</strong></span> <span class='ocrx_word' id='word_1_20' title='bbox 1000 436 1023 494; x_wconf 87' lang='lat' dir='ltr'><strong>si</strong></span> <span class='ocrx_word' id='word_1_21' title='bbox 1038 433 1161 513; x_wconf 85' lang='lat' dir='ltr'><strong>inposita</strong></span> 
     </span>
     <span class='ocr_line' id='line_1_4' title="bbox 158 517 1161 598; baseline -0.005 -17"><span class='ocrx_word' id='word_1_22' title='bbox 158 538 241 581; x_wconf 86' lang='lat' dir='ltr'><strong>manu</strong></span> <span class='ocrx_word' id='word_1_23' title='bbox 263 521 386 598; x_wconf 75' lang='lat' dir='ltr'><strong>crepitet</strong></span> <span class='ocrx_word' id='word_1_24' title='bbox 408 521 499 580; x_wconf 85' lang='lat' dir='ltr'><strong>veluti</strong></span> <span class='ocrx_word' id='word_1_25' title='bbox 520 519 642 598; x_wconf 76' lang='lat' dir='ltr'><strong>fragile,</strong></span> <span class='ocrx_word' id='word_1_26' title='bbox 662 553 704 564; x_wconf 92' lang='lat'><em>-</em></span> <span class='ocrx_word' id='word_1_27' title='bbox 725 518 848 579; x_wconf 91' lang='lat' dir='ltr'><strong>umidum</strong></span> <span class='ocrx_word' id='word_1_28' title='bbox 872 521 946 578; x_wconf 90' lang='lat' dir='ltr'><strong>enim</strong></span> <span class='ocrx_word' id='word_1_29' title='bbox 967 517 1044 598; x_wconf 91' lang='lat' dir='ltr'><strong>quod</strong></span> <span class='ocrx_word' id='word_1_30' title='bbox 1066 519 1161 577; x_wconf 87' lang='lat' dir='ltr'><strong>evenit</strong></span> 
     </span>
     <span class='ocr_line' id='line_1_5' title="bbox 160 601 1162 681; baseline -0.005 -16"><span class='ocrx_word' id='word_1_31' title='bbox 160 603 369 665; x_wconf 77' lang='lat' dir='ltr'><strong>adulteratione</strong></span> <span class='ocrx_word' id='word_1_32' title='bbox 391 603 468 664; x_wconf 82' lang='lat' dir='ltr'><strong>cedit</strong></span> <span class='ocrx_word' id='word_1_33' title='bbox 484 637 544 679; x_wconf 92' lang='lat'><strong>-,</strong></span> <span class='ocrx_word' id='word_1_34' title='bbox 569 602 660 662; x_wconf 89' lang='lat' dir='ltr'><strong>altera</strong></span> <span class='ocrx_word' id='word_1_35' title='bbox 688 602 839 681; x_wconf 89' lang='lat' dir='ltr'><strong>probatio,</strong></span> <span class='ocrx_word' id='word_1_36' title='bbox 867 603 891 661; x_wconf 88' lang='lat' dir='ltr'><strong>si</strong></span> <span class='ocrx_word' id='word_1_37' title='bbox 907 620 991 662; x_wconf 92' lang='lat' dir='ltr'><strong>manu</strong></span> <span class='ocrx_word' id='word_1_38' title='bbox 1012 601 1103 662; x_wconf 91' lang='lat' dir='ltr'><strong>relata</strong></span> <span class='ocrx_word' id='word_1_39' title='bbox 1127 601 1162 660; x_wconf 84' lang='lat' dir='ltr'><strong>ad</strong></span> 
     </span>
    </p>

    <p class='ocr_par' dir='ltr' id='par_1_4' title="bbox 118 685 1194 1432">
     <span class='ocr_line' id='line_1_6' title="bbox 118 685 1180 764; baseline -0.007 -13"><span class='ocrx_word' id='word_1_40' title='bbox 118 697 151 753; x_wconf 79' lang='lat'><strong>33</strong></span> <span class='ocrx_word' id='word_1_41' title='bbox 164 705 214 749; x_wconf 90' lang='lat' dir='ltr'><strong>ora</strong></span> <span class='ocrx_word' id='word_1_42' title='bbox 234 688 339 748; x_wconf 91' lang='lat' dir='ltr'><strong>leniter</strong></span> <span class='ocrx_word' id='word_1_43' title='bbox 353 687 456 746; x_wconf 81' lang='lat' dir='ltr'><strong>faciem</strong></span> <span class='ocrx_word' id='word_1_44' title='bbox 477 686 638 763; x_wconf 92' lang='lat' dir='ltr'><strong>oculosque</strong></span> <span class='ocrx_word' id='word_1_45' title='bbox 654 687 796 748; x_wconf 86' lang='lat' dir='ltr'><strong>mordeat.</strong></span> <span class='ocrx_word' id='word_1_46' title='bbox 821 685 874 746; x_wconf 88' lang='lat' dir='ltr'><strong>Est</strong></span> <span class='ocrx_word' id='word_1_47' title='bbox 888 703 943 764; x_wconf 93' lang='lat' dir='ltr'><strong>per</strong></span> <span class='ocrx_word' id='word_1_48' title='bbox 958 704 991 745; x_wconf 90' lang='lat' dir='ltr'><strong>se</strong></span> <span class='ocrx_word' id='word_1_49' title='bbox 1006 701 1099 762; x_wconf 80' lang='lat' dir='ltr'><strong>genus</strong></span> <span class='ocrx_word' id='word_1_50' title='bbox 1114 701 1180 744; x_wconf 69' lang='lat' dir='ltr'><strong>aas</strong></span> 
     </span>
     <span class='ocr_line' id='line_1_7' title="bbox 160 769 1161 846; baseline -0.003 -15"><span class='ocrx_word' id='word_1_51' title='bbox 160 773 210 831; x_wconf 91' lang='lat' dir='ltr'><strong>tivi</strong></span> <span class='ocrx_word' id='word_1_52' title='bbox 231 771 447 832; x_wconf 86' lang='lat' dir='ltr'><strong>blandissimum</strong></span> <span class='ocrx_word' id='word_1_53' title='bbox 467 770 575 846; x_wconf 86' lang='lat' dir='ltr'><strong>volgo,</strong></span> <span class='ocrx_word' id='word_1_54' title='bbox 604 788 667 829; x_wconf 87' lang='lat' dir='ltr'><strong>cum</strong></span> <span class='ocrx_word' id='word_1_55' title='bbox 689 771 726 830; x_wconf 91' lang='lat' dir='ltr'><strong>sit</strong></span> <span class='ocrx_word' id='word_1_56' title='bbox 747 771 913 845; x_wconf 83' lang='lat' dir='ltr'><strong>mediocre,</strong></span> <span class='ocrx_word' id='word_1_57' title='bbox 940 769 1095 830; x_wconf 86' lang='lat' dir='ltr'><strong>dialeucon</strong></span> <span class='ocrx_word' id='word_1_58' title='bbox 1111 785 1161 828; x_wconf 92' lang='lat' dir='ltr'><strong>vo·</strong></span> 
     </span>
     <span class='ocr_line' id='line_1_8' title="bbox 161 852 1163 932; baseline -0.004 -17"><span class='ocrx_word' id='word_1_59' title='bbox 161 864 236 916; x_wconf 83' lang='lat' dir='ltr'><strong>cant</strong></span> <span class='ocrx_word' id='word_1_60' title='bbox 267 865 368 914; x_wconf 88' lang='lat' dir='ltr'><strong>eontra</strong></span> <span class='ocrx_word' id='word_1_61' title='bbox 386 852 549 930; x_wconf 73' lang='lat' dir='ltr'><strong>Cyrenaico</strong></span> <span class='ocrx_word' id='word_1_62' title='bbox 563 853 679 929; x_wconf 83' lang='lat' dir='ltr'><strong>vitium,</strong></span> <span class='ocrx_word' id='word_1_63' title='bbox 700 853 778 932; x_wconf 93' lang='lat' dir='ltr'><strong>quod</strong></span> <span class='ocrx_word' id='word_1_64' title='bbox 794 854 870 913; x_wconf 87' lang='lat' dir='ltr'><strong>omni</strong></span> <span class='ocrx_word' id='word_1_65' title='bbox 888 869 977 912; x_wconf 91' lang='lat' dir='ltr'><strong>croco</strong></span> <span class='ocrx_word' id='word_1_66' title='bbox 993 854 1101 930; x_wconf 91' lang='lat' dir='ltr'><strong>nigrius</strong></span> <span class='ocrx_word' id='word_1_67' title='bbox 1118 860 1163 912; x_wconf 89' lang='lat' dir='ltr'><strong>est</strong></span> 
     </span>
     <span class='ocr_line' id='line_1_9' title="bbox 160 929 1162 1016; baseline -0.006 -16"><span class='ocrx_word' id='word_1_68' title='bbox 160 949 189 1000; x_wconf 90' lang='lat' dir='ltr'><strong>et</strong></span> <span class='ocrx_word' id='word_1_69' title='bbox 206 939 359 999; x_wconf 87' lang='lat' dir='ltr'><strong>celerrime</strong></span> <span class='ocrx_word' id='word_1_70' title='bbox 374 939 536 998; x_wconf 84' lang='lat' dir='ltr'><strong>marcescit.</strong></span> <span class='ocrx_word' id='word_1_71' title='bbox 568 945 714 1015; x_wconf 90' lang='lat' dir='ltr'><strong>optumum</strong></span> <span class='ocrx_word' id='word_1_72' title='bbox 726 937 900 1015; x_wconf 89' lang='lat' dir='ltr'><strong>ubicumque</strong></span> <span class='ocrx_word' id='word_1_73' title='bbox 915 936 993 1014; x_wconf 93' lang='lat' dir='ltr'><strong>quod</strong></span> <span class='ocrx_word' id='word_1_74' title='bbox 1008 929 1162 1016; x_wconf 83' lang='lat' dir='ltr'><strong>pinguis&#39;si·</strong></span> 
     </span>
     <span class='ocr_line' id='line_1_10' title="bbox 159 1019 1161 1100; baseline -0.005 -17"><span class='ocrx_word' id='word_1_75' title='bbox 159 1041 232 1083; x_wconf 90' lang='lat' dir='ltr'><strong>mum</strong></span> <span class='ocrx_word' id='word_1_76' title='bbox 251 1031 281 1082; x_wconf 90' lang='grc' dir='ltr'><strong>ει</strong></span> <span class='ocrx_word' id='word_1_77' title='bbox 297 1022 395 1081; x_wconf 89' lang='lat' dir='ltr'><strong>brevis</strong></span> <span class='ocrx_word' id='word_1_78' title='bbox 416 1021 530 1099; x_wconf 89' lang='lat' dir='ltr'><strong>capilli,</strong></span> <span class='ocrx_word' id='word_1_79' title='bbox 554 1038 719 1098; x_wconf 89' lang='lat' dir='ltr'><strong>pessumum</strong></span> <span class='ocrx_word' id='word_1_80' title='bbox 740 1039 812 1081; x_wconf 87' lang='lat' dir='ltr'><strong>vero</strong></span> <span class='ocrx_word' id='word_1_81' title='bbox 837 1020 914 1100; x_wconf 94' lang='lat' dir='ltr'><strong>quod</strong></span> <span class='ocrx_word' id='word_1_82' title='bbox 931 1022 1014 1080; x_wconf 86' lang='lat' dir='ltr'><strong>sitam</strong></span> <span class='ocrx_word' id='word_1_83' title='bbox 1037 1019 1161 1079; x_wconf 87' lang='lat' dir='ltr'><strong>redolet.</strong></span> 
     </span>
     <span class='ocr_line' id='line_1_11' title="bbox 159 1103 1194 1184; baseline 0 -18"><span class='ocrx_word' id='word_1_84' title='bbox 159 1106 306 1166; x_wconf 85' lang='lat' dir='ltr'><strong>ltlucianus</strong></span> <span class='ocrx_word' id='word_1_85' title='bbox 321 1113 422 1163; x_wconf 88' lang='lat' dir='ltr'><strong>auctor</strong></span> <span class='ocrx_word' id='word_1_86' title='bbox 437 1114 482 1164; x_wconf 83' lang='lat' dir='ltr'><strong>est</strong></span> <span class='ocrx_word' id='word_1_87' title='bbox 496 1106 524 1163; x_wconf 94' lang='lat' dir='ltr'><strong>in</strong></span> <span class='ocrx_word' id='word_1_88' title='bbox 538 1103 627 1180; x_wconf 76' lang='lat' dir='ltr'><strong>lycia</strong></span> <span class='ocrx_word' id='word_1_89' title='bbox 643 1122 716 1166; x_wconf 90' lang='lat' dir='ltr'><strong>anno</strong></span> <span class='ocrx_word' id='word_1_90' title='bbox 732 1115 864 1184; x_wconf 88' lang='lat' dir='ltr'><strong>septumo</strong></span> <span class='ocrx_word' id='word_1_91' title='bbox 882 1114 928 1166; x_wconf 89' lang='lat' dir='ltr'><strong>aut</strong></span> <span class='ocrx_word' id='word_1_92' title='bbox 946 1114 1051 1165; x_wconf 90' lang='lat' dir='ltr'><strong>octavo</strong></span> <span class='ocrx_word' id='word_1_93' title='bbox 1070 1113 1160 1164; x_wconf 91' lang='lat' dir='ltr'><strong>trans·</strong></span> <span class='ocrx_word' id='word_1_94' title='bbox 1171 1125 1194 1166; x_wconf 84' lang='lat' dir='ltr'><strong>ro</strong></span> 
     </span>
     <span class='ocr_line' id='line_1_12' title="bbox 159 1187 1164 1269; baseline -0.004 -19"><span class='ocrx_word' id='word_1_95' title='bbox 159 1191 230 1250; x_wconf 90' lang='lat' dir='ltr'><strong>ierri</strong></span> <span class='ocrx_word' id='word_1_96' title='bbox 244 1190 272 1245; x_wconf 93' lang='lat' dir='ltr'><strong>in</strong></span> <span class='ocrx_word' id='word_1_97' title='bbox 288 1187 384 1246; x_wconf 91' lang='lat' dir='ltr'><strong>locum</strong></span> <span class='ocrx_word' id='word_1_98' title='bbox 401 1187 549 1248; x_wconf 88' lang='lat' dir='ltr'><strong>subactum</strong></span> <span class='ocrx_word' id='word_1_99' title='bbox 564 1198 650 1269; x_wconf 87' lang='lat' dir='ltr'><strong>atque</strong></span> <span class='ocrx_word' id='word_1_100' title='bbox 665 1191 704 1248; x_wconf 88' lang='lat' dir='ltr'><strong>ita</strong></span> <span class='ocrx_word' id='word_1_101' title='bbox 720 1187 902 1265; x_wconf 82' lang='lat' dir='ltr'><strong>degenerans</strong></span> <span class='ocrx_word' id='word_1_102' title='bbox 918 1189 1062 1248; x_wconf 82' lang='lat' dir='ltr'><strong>renovari.</strong></span> <span class='ocrx_word' id='word_1_103' title='bbox 1093 1205 1164 1248; x_wconf 88' lang='lat' dir='ltr'><strong>usus</strong></span> 
     </span>
     <span class='ocr_line' id='line_1_13' title="bbox 160 1270 1164 1348; baseline -0.004 -14"><span class='ocrx_word' id='word_1_104' title='bbox 160 1275 221 1334; x_wconf 87' lang='lat' dir='ltr'><strong>eius</strong></span> <span class='ocrx_word' id='word_1_105' title='bbox 235 1272 264 1329; x_wconf 96' lang='lat' dir='ltr'><strong>in</strong></span> <span class='ocrx_word' id='word_1_106' title='bbox 279 1270 395 1329; x_wconf 86' lang='lat' dir='ltr'><strong>coronis</strong></span> <span class='ocrx_word' id='word_1_107' title='bbox 411 1287 560 1346; x_wconf 84' lang='lat' dir='ltr'><strong>nusquam,</strong></span> <span class='ocrx_word' id='word_1_108' title='bbox 582 1271 672 1330; x_wconf 86' lang='lat' dir='ltr'><strong>lrerha</strong></span> <span class='ocrx_word' id='word_1_109' title='bbox 690 1273 764 1329; x_wconf 92' lang='lat' dir='ltr'><strong>enim</strong></span> <span class='ocrx_word' id='word_1_110' title='bbox 781 1283 826 1331; x_wconf 90' lang='lat' dir='ltr'><strong>est</strong></span> <span class='ocrx_word' id='word_1_111' title='bbox 842 1272 914 1331; x_wconf 87' lang='lat' dir='ltr'><strong>lolio</strong></span> <span class='ocrx_word' id='word_1_112' title='bbox 930 1281 1051 1348; x_wconf 89' lang='lat' dir='ltr'><strong>angusto</strong></span> <span class='ocrx_word' id='word_1_113' title='bbox 1068 1287 1164 1348; x_wconf 85' lang='lat' dir='ltr'><strong>paene</strong></span> 
     </span>
     <span class='ocr_line' id='line_1_14' title="bbox 160 1352 1165 1432; baseline -0.001 -17"><span class='ocrx_word' id='word_1_114' title='bbox 160 1358 187 1416; x_wconf 92' lang='lat' dir='ltr'><strong>in</strong></span> <span class='ocrx_word' id='word_1_115' title='bbox 210 1352 404 1432; x_wconf 83' lang='lat' dir='ltr'><strong>capillamenti</strong></span> <span class='ocrx_word' id='word_1_116' title='bbox 421 1352 545 1412; x_wconf 88' lang='lat' dir='ltr'><strong>modum.</strong></span> <span class='ocrx_word' id='word_1_117' title='bbox 576 1353 630 1412; x_wconf 88' lang='lat' dir='ltr'><strong>sed</strong></span> <span class='ocrx_word' id='word_1_118' title='bbox 648 1355 714 1413; x_wconf 88' lang='lat' dir='ltr'><strong>vino</strong></span> <span class='ocrx_word' id='word_1_119' title='bbox 735 1356 806 1413; x_wconf 93' lang='lat' dir='ltr'><strong>mire</strong></span> <span class='ocrx_word' id='word_1_120' title='bbox 830 1355 977 1429; x_wconf 88' lang='lat' dir='ltr'><strong>congruit,</strong></span> <span class='ocrx_word' id='word_1_121' title='bbox 1003 1354 1165 1431; x_wconf 86' lang='lat' dir='ltr'><strong>praecipue</strong></span> 
     </span>
    </p>

    <p class='ocr_par' dir='ltr' id='par_1_5' title="bbox 116 1434 1259 2030">
     <span class='ocr_line' id='line_1_15' title="bbox 116 1434 1165 1515; baseline -0.005 -14"><span class='ocrx_word' id='word_1_122' title='bbox 116 1438 246 1515; x_wconf 83' lang='lat' dir='ltr'><strong>34dulci,</strong></span> <span class='ocrx_word' id='word_1_123' title='bbox 266 1437 361 1495; x_wconf 88' lang='lat' dir='ltr'><strong>tritum</strong></span> <span class='ocrx_word' id='word_1_124' title='bbox 375 1434 411 1494; x_wconf 91' lang='lat' dir='ltr'><strong>ad</strong></span> <span class='ocrx_word' id='word_1_125' title='bbox 426 1434 537 1496; x_wconf 82' lang='lat' dir='ltr'><strong>theatra</strong></span> <span class='ocrx_word' id='word_1_126' title='bbox 552 1435 704 1512; x_wconf 89' lang='lat' dir='ltr'><strong>replenda.</strong></span> <span class='ocrx_word' id='word_1_127' title='bbox 734 1435 836 1496; x_wconf 84' lang='lat' dir='ltr'><strong>Floret</strong></span> <span class='ocrx_word' id='word_1_128' title='bbox 850 1435 1036 1513; x_wconf 85' lang='lat' dir='ltr'><strong>vergiliarum</strong></span> <span class='ocrx_word' id='word_1_129' title='bbox 1053 1452 1165 1496; x_wconf 88' lang='lat' dir='ltr'><strong>occasu</strong></span> 
     </span>
     <span class='ocr_line' id='line_1_16' title="bbox 158 1518 1196 1601; baseline -0.004 -19"><span class='ocrx_word' id='word_1_130' title='bbox 158 1523 258 1601; x_wconf 86' lang='lat' dir='ltr'><strong>paucis</strong></span> <span class='ocrx_word' id='word_1_131' title='bbox 274 1519 393 1595; x_wconf 89' lang='lat' dir='ltr'><strong>diebus,</strong></span> <span class='ocrx_word' id='word_1_132' title='bbox 420 1519 552 1597; x_wconf 86' lang='lat' dir='ltr'><strong>lolioque</strong></span> <span class='ocrx_word' id='word_1_133' title='bbox 567 1518 670 1578; x_wconf 86' lang='lat' dir='ltr'><strong>dorem</strong></span> <span class='ocrx_word' id='word_1_134' title='bbox 685 1520 818 1598; x_wconf 85' lang='lat' dir='ltr'><strong>expellit.</strong></span> <span class='ocrx_word' id='word_1_135' title='bbox 848 1521 923 1580; x_wconf 87' lang='lat' dir='ltr'><strong>viret</strong></span> <span class='ocrx_word' id='word_1_136' title='bbox 938 1519 1038 1580; x_wconf 89' lang='lat' dir='ltr'><strong>bruma</strong></span> <span class='ocrx_word' id='word_1_137' title='bbox 1054 1528 1083 1579; x_wconf 89' lang='lat' dir='ltr'><strong>et</strong></span> <span class='ocrx_word' id='word_1_138' title='bbox 1100 1520 1196 1579; x_wconf 74' lang='lat' dir='ltr'><strong>col-1⁵</strong></span> 
     </span>
     <span class='ocr_line' id='line_1_17' title="bbox 157 1601 1259 1683; baseline -0.004 -16"><span class='ocrx_word' id='word_1_139' title='bbox 157 1606 266 1683; x_wconf 90' lang='lat' dir='ltr'><strong>ligitur.</strong></span> <span class='ocrx_word' id='word_1_140' title='bbox 303 1606 429 1664; x_wconf 90' lang='lat' dir='ltr'><strong>siccatur</strong></span> <span class='ocrx_word' id='word_1_141' title='bbox 449 1601 567 1678; x_wconf 88' lang='lat' dir='ltr'><strong>umbra,</strong></span> <span class='ocrx_word' id='word_1_142' title='bbox 593 1603 695 1664; x_wconf 89' lang='lat' dir='ltr'><strong>melius</strong></span> <span class='ocrx_word' id='word_1_143' title='bbox 720 1604 806 1664; x_wconf 85' lang='lat' dir='ltr'><strong>etiem</strong></span> <span class='ocrx_word' id='word_1_144' title='bbox 825 1603 954 1664; x_wconf 88' lang='lat' dir='ltr'><strong>hiberna.</strong></span> <span class='ocrx_word' id='word_1_145' title='bbox 988 1619 1111 1664; x_wconf 88' lang='lat' dir='ltr'><strong>carnosa</strong></span> <span class='ocrx_word' id='word_1_146' title='bbox 1132 1613 1164 1663; x_wconf 89' lang='lat' dir='ltr'><strong>et</strong></span> <span class='ocrx_word' id='word_1_147' title='bbox 1258 1661 1259 1672; x_wconf 67' lang='grc'>,</span> 
     </span>
     <span class='ocr_line' id='line_1_18' title="bbox 158 1670 1239 1766; baseline -0.005 -16"><span class='ocrx_word' id='word_1_148' title='bbox 158 1690 201 1750; x_wconf 92' lang='lat' dir='ltr'><strong>illi</strong></span> <span class='ocrx_word' id='word_1_149' title='bbox 216 1689 299 1749; x_wconf 85' lang='lat' dir='ltr'><strong>radix</strong></span> <span class='ocrx_word' id='word_1_150' title='bbox 314 1688 502 1766; x_wconf 83' lang='lat' dir='ltr'><strong>vivaciorque</strong></span> <span class='ocrx_word' id='word_1_151' title='bbox 519 1703 602 1766; x_wconf 91' lang='lat' dir='ltr'><strong>quam</strong></span> <span class='ocrx_word' id='word_1_152' title='bbox 618 1689 736 1748; x_wconf 85' lang='lat' dir='ltr'><strong>ceteris.</strong></span> <span class='ocrx_word' id='word_1_153' title='bbox 767 1687 874 1765; x_wconf 89' lang='lat' dir='ltr'><strong>gaudet</strong></span> <span class='ocrx_word' id='word_1_154' title='bbox 891 1687 998 1748; x_wconf 88' lang='lat' dir='ltr'><strong>calcari</strong></span> <span class='ocrx_word' id='word_1_155' title='bbox 1019 1697 1049 1746; x_wconf 91' lang='lat' dir='ltr'><strong>et</strong></span> <span class='ocrx_word' id='word_1_156' title='bbox 1066 1689 1162 1763; x_wconf 89' lang='lat' dir='ltr'><strong>atteri,</strong></span> <span class='ocrx_word' id='word_1_157' title='bbox 1234 1670 1239 1695; x_wconf 83' lang='lat'>&#39;</span> 
     </span>
     <span class='ocr_line' id='line_1_19' title="bbox 160 1771 1162 1853; baseline -0.005 -20"><span class='ocrx_word' id='word_1_158' title='bbox 160 1774 368 1853; x_wconf 74' lang='lat' dir='ltr'><strong>pereundoque</strong></span> <span class='ocrx_word' id='word_1_159' title='bbox 386 1772 489 1831; x_wconf 91' lang='lat' dir='ltr'><strong>melius</strong></span> <span class='ocrx_word' id='word_1_160' title='bbox 510 1772 653 1849; x_wconf 87' lang='lat' dir='ltr'><strong>provenit.</strong></span> <span class='ocrx_word' id='word_1_161' title='bbox 688 1771 755 1831; x_wconf 93' lang='lat' dir='ltr'><strong>ideo</strong></span> <span class='ocrx_word' id='word_1_162' title='bbox 775 1773 853 1832; x_wconf 77' lang='lat' dir='ltr'><strong>iuxta</strong></span> <span class='ocrx_word' id='word_1_163' title='bbox 873 1773 991 1844; x_wconf 84' lang='lat' dir='ltr'><strong>semitas</strong></span> <span class='ocrx_word' id='word_1_164' title='bbox 1016 1787 1050 1830; x_wconf 87' lang='lat' dir='ltr'><strong>ac</strong></span> <span class='ocrx_word' id='word_1_165' title='bbox 1072 1771 1162 1831; x_wconf 87' lang='lat' dir='ltr'><strong>iontis</strong></span> 
     </span>
     <span class='ocr_line' id='line_1_20' title="bbox 159 1854 1162 1933; baseline -0.005 -16"><span class='ocrx_word' id='word_1_166' title='bbox 159 1857 355 1918; x_wconf 85' lang='lat' dir='ltr'><strong>laetissimum.</strong></span> <span class='ocrx_word' id='word_1_167' title='bbox 391 1857 422 1915; x_wconf 80' lang='lat'><strong>7.</strong></span> <span class='ocrx_word' id='word_1_168' title='bbox 442 1855 574 1915; x_wconf 80' lang='lat' dir='ltr'><strong>Troianis</strong></span> <span class='ocrx_word' id='word_1_169' title='bbox 588 1854 767 1933; x_wconf 87' lang='lat' dir='ltr'><strong>temporibus</strong></span> <span class='ocrx_word' id='word_1_170' title='bbox 782 1857 836 1916; x_wconf 90' lang='lat' dir='ltr'><strong>iam</strong></span> <span class='ocrx_word' id='word_1_171' title='bbox 852 1865 914 1916; x_wconf 90' lang='lat' dir='ltr'><strong>erat</strong></span> <span class='ocrx_word' id='word_1_172' title='bbox 928 1854 1022 1915; x_wconf 88' lang='lat' dir='ltr'><strong>honos</strong></span> <span class='ocrx_word' id='word_1_173' title='bbox 1037 1856 1074 1914; x_wconf 90' lang='lat' dir='ltr'><strong>ei.</strong></span> <span class='ocrx_word' id='word_1_174' title='bbox 1106 1854 1162 1914; x_wconf 89' lang='lat' dir='ltr'><strong>hos</strong></span> 
     </span>
     <span class='ocr_line' id='line_1_21' title="bbox 161 1937 1258 2030; baseline -0.003 -30"><span class='ocrx_word' id='word_1_175' title='bbox 161 1949 242 2000; x_wconf 87' lang='lat' dir='ltr'><strong>certe</strong></span> <span class='ocrx_word' id='word_1_176' title='bbox 256 1939 343 2022; x_wconf 86' lang='lat' dir='ltr'><strong>dores</strong></span> <span class='ocrx_word' id='word_1_177' title='bbox 358 1937 501 1999; x_wconf 90' lang='lat' dir='ltr'><strong>llomerus</strong></span> <span class='ocrx_word' id='word_1_178' title='bbox 517 1940 568 1998; x_wconf 89' lang='lat' dir='ltr'><strong>tris</strong></span> <span class='ocrx_word' id='word_1_179' title='bbox 583 1938 696 2015; x_wconf 88' lang='lat' dir='ltr'><strong>laudat,</strong></span> <span class='ocrx_word' id='word_1_180' title='bbox 714 1938 809 2015; x_wconf 91' lang='lat' dir='ltr'><strong>loton,</strong></span> <span class='ocrx_word' id='word_1_181' title='bbox 828 1955 947 2014; x_wconf 91' lang='lat' dir='ltr'><strong>crocon,</strong></span> <span class='ocrx_word' id='word_1_182' title='bbox 966 1937 1159 2014; x_wconf 77' lang='lat' dir='ltr'><strong>hyacinthum.</strong></span> <span class='ocrx_word' id='word_1_183' title='bbox 1171 1956 1196 1998; x_wconf 78' lang='lat' dir='ltr'><strong>so</strong></span> <span class='ocrx_word' id='word_1_184' title='bbox 1256 1965 1258 2030; x_wconf 69' lang='lat' dir='ltr'><strong>p</strong></span> 
     </span>
    </p>

    <p class='ocr_par' dir='ltr' id='par_1_6' title="bbox 117 2020 1258 2437">
     <span class='ocr_line' id='line_1_22' title="bbox 117 2020 1258 2103; baseline -0.001 -23"><span class='ocrx_word' id='word_1_185' title='bbox 117 2033 151 2088; x_wconf 77' lang='lat'><strong>35</strong></span> <span class='ocrx_word' id='word_1_186' title='bbox 228 2023 311 2099; x_wconf 89' lang='lat'>(18.)</span> <span class='ocrx_word' id='word_1_187' title='bbox 333 2021 462 2082; x_wconf 89' lang='lat' dir='ltr'><strong>Omnium</strong></span> <span class='ocrx_word' id='word_1_188' title='bbox 477 2031 571 2083; x_wconf 85' lang='lat' dir='ltr'><strong>autern</strong></span> <span class='ocrx_word' id='word_1_189' title='bbox 592 2023 845 2083; x_wconf 90' lang='lat' dir='ltr'><strong>odoramentorum</strong></span> <span class='ocrx_word' id='word_1_190' title='bbox 860 2032 947 2103; x_wconf 87' lang='lat' dir='ltr'><strong>atque</strong></span> <span class='ocrx_word' id='word_1_191' title='bbox 965 2024 1039 2084; x_wconf 92' lang='lat' dir='ltr'><strong>adeo</strong></span> <span class='ocrx_word' id='word_1_192' title='bbox 1055 2020 1162 2082; x_wconf 86' lang='lat' dir='ltr'><strong>herba·</strong></span> <span class='ocrx_word' id='word_1_193' title='bbox 1257 2033 1258 2036; x_wconf 73' lang='grc'>’</span> 
     </span>
     <span class='ocr_line' id='line_1_23' title="bbox 160 2105 1162 2167; baseline -0.002 -1"><span class='ocrx_word' id='word_1_194' title='bbox 160 2123 221 2166; x_wconf 89' lang='lat' dir='ltr'><strong>rum</strong></span> <span class='ocrx_word' id='word_1_195' title='bbox 238 2106 399 2167; x_wconf 77' lang='lat' dir='ltr'><strong>differentia</strong></span> <span class='ocrx_word' id='word_1_196' title='bbox 420 2115 465 2166; x_wconf 92' lang='lat' dir='ltr'><strong>est</strong></span> <span class='ocrx_word' id='word_1_197' title='bbox 479 2109 508 2166; x_wconf 92' lang='lat' dir='ltr'><strong>in</strong></span> <span class='ocrx_word' id='word_1_198' title='bbox 529 2105 630 2166; x_wconf 91' lang='lat' dir='ltr'><strong>colore</strong></span> <span class='ocrx_word' id='word_1_199' title='bbox 648 2114 676 2166; x_wconf 93' lang='lat' dir='ltr'><strong>et</strong></span> <span class='ocrx_word' id='word_1_200' title='bbox 692 2107 783 2167; x_wconf 90' lang='lat' dir='ltr'><strong>odore</strong></span> <span class='ocrx_word' id='word_1_201' title='bbox 795 2115 836 2166; x_wconf 85' lang='lat' dir='ltr'><strong>et</strong></span> <span class='ocrx_word' id='word_1_202' title='bbox 857 2123 940 2166; x_wconf 89' lang='lat' dir='ltr'><strong>suco.</strong></span> <span class='ocrx_word' id='word_1_203' title='bbox 970 2105 1098 2166; x_wconf 90' lang='lat' dir='ltr'><strong>Odorato</strong></span> <span class='ocrx_word' id='word_1_204' title='bbox 1115 2123 1162 2164; x_wconf 89' lang='lat' dir='ltr'><strong>sa·</strong></span> 
     </span>
     <span class='ocr_line' id='line_1_24' title="bbox 158 2190 1161 2268; baseline -0.002 -19"><span class='ocrx_word' id='word_1_205' title='bbox 158 2207 214 2268; x_wconf 90' lang='lat' dir='ltr'><strong>por</strong></span> <span class='ocrx_word' id='word_1_206' title='bbox 232 2208 299 2250; x_wconf 87' lang='lat' dir='ltr'><strong>raro</strong></span> <span class='ocrx_word' id='word_1_207' title='bbox 320 2190 371 2250; x_wconf 90' lang='lat' dir='ltr'><strong>ulli</strong></span> <span class='ocrx_word' id='word_1_208' title='bbox 387 2207 445 2250; x_wconf 94' lang='lat' dir='ltr'><strong>non</strong></span> <span class='ocrx_word' id='word_1_209' title='bbox 465 2206 594 2265; x_wconf 87' lang='lat' dir='ltr'><strong>amarus,</strong></span> <span class='ocrx_word' id='word_1_210' title='bbox 625 2208 643 2248; x_wconf 88' lang='lat' dir='ltr'><strong>e</strong></span> <span class='ocrx_word' id='word_1_211' title='bbox 665 2194 809 2253; x_wconf 85' lang='lat' dir='ltr'><strong>contrario</strong></span> <span class='ocrx_word' id='word_1_212' title='bbox 825 2190 920 2251; x_wconf 88' lang='lat' dir='ltr'><strong>dulcia</strong></span> <span class='ocrx_word' id='word_1_213' title='bbox 941 2208 1007 2252; x_wconf 91' lang='lat' dir='ltr'><strong>raro</strong></span> <span class='ocrx_word' id='word_1_214' title='bbox 1027 2190 1161 2250; x_wconf 88' lang='lat' dir='ltr'><strong>odorata.</strong></span> 
     </span>
     <span class='ocr_line' id='line_1_25' title="bbox 158 2273 1162 2353; baseline -0.001 -21"><span class='ocrx_word' id='word_1_215' title='bbox 158 2276 254 2353; x_wconf 90' lang='lat' dir='ltr'><strong>itaque</strong></span> <span class='ocrx_word' id='word_1_216' title='bbox 270 2283 300 2333; x_wconf 92' lang='lat' dir='ltr'><strong>et</strong></span> <span class='ocrx_word' id='word_1_217' title='bbox 315 2276 380 2334; x_wconf 87' lang='lat' dir='ltr'><strong>vina</strong></span> <span class='ocrx_word' id='word_1_218' title='bbox 397 2275 497 2334; x_wconf 89' lang='lat' dir='ltr'><strong>mustis</strong></span> <span class='ocrx_word' id='word_1_219' title='bbox 512 2273 679 2333; x_wconf 88' lang='lat' dir='ltr'><strong>odoratiora</strong></span> <span class='ocrx_word' id='word_1_220' title='bbox 695 2284 724 2334; x_wconf 94' lang='lat' dir='ltr'><strong>et</strong></span> <span class='ocrx_word' id='word_1_221' title='bbox 737 2275 883 2335; x_wconf 81' lang='lat' dir='ltr'><strong>silvestria</strong></span> <span class='ocrx_word' id='word_1_222' title='bbox 896 2275 987 2352; x_wconf 88' lang='lat' dir='ltr'><strong>magis</strong></span> <span class='ocrx_word' id='word_1_223' title='bbox 1004 2273 1098 2334; x_wconf 91' lang='lat' dir='ltr'><strong>omnia</strong></span> <span class='ocrx_word' id='word_1_224' title='bbox 1114 2290 1162 2332; x_wconf 88' lang='lat' dir='ltr'><strong>sa·</strong></span> 
     </span>
     <span class='ocr_line' id='line_1_26' title="bbox 158 2356 1199 2437; baseline -0.003 -19"><span class='ocrx_word' id='word_1_225' title='bbox 158 2359 234 2418; x_wconf 90' lang='lat' dir='ltr'><strong>tivis.</strong></span> <span class='ocrx_word' id='word_1_226' title='bbox 268 2357 443 2434; x_wconf 85' lang='lat' dir='ltr'><strong>quorundam</strong></span> <span class='ocrx_word' id='word_1_227' title='bbox 460 2357 533 2416; x_wconf 90' lang='lat' dir='ltr'><strong>odor</strong></span> <span class='ocrx_word' id='word_1_228' title='bbox 553 2358 703 2417; x_wconf 85' lang='lat' dir='ltr'><strong>suaviore</strong></span> <span class='ocrx_word' id='word_1_229' title='bbox 721 2356 895 2436; x_wconf 87' lang='lat' dir='ltr'><strong>longinquo,</strong></span> <span class='ocrx_word' id='word_1_230' title='bbox 922 2359 1044 2437; x_wconf 91' lang='lat' dir='ltr'><strong>propius</strong></span> <span class='ocrx_word' id='word_1_231' title='bbox 1060 2357 1161 2417; x_wconf 90' lang='lat' dir='ltr'><strong>admo·</strong></span> <span class='ocrx_word' id='word_1_232' title='bbox 1173 2373 1199 2414; x_wconf 75' lang='grc' dir='ltr'><strong>ιε</strong></span> 
     </span>
    </p>

    <p class='ocr_par' dir='ltr' id='par_1_7' title="bbox 116 2439 1162 2522">
     <span class='ocr_line' id='line_1_27' title="bbox 116 2439 1162 2522; baseline -0.002 -21"><span class='ocrx_word' id='word_1_233' title='bbox 116 2450 207 2508; x_wconf 73' lang='lat' dir='ltr'><strong>sotus</strong></span> <span class='ocrx_word' id='word_1_234' title='bbox 233 2441 401 2522; x_wconf 82' lang='lat' dir='ltr'><strong>hebetatur,</strong></span> <span class='ocrx_word' id='word_1_235' title='bbox 427 2449 457 2498; x_wconf 96' lang='lat' dir='ltr'><strong>ut</strong></span> <span class='ocrx_word' id='word_1_236' title='bbox 480 2439 588 2504; x_wconf 88' lang='lat' dir='ltr'><strong>violae.</strong></span> <span class='ocrx_word' id='word_1_237' title='bbox 628 2457 695 2499; x_wconf 91' lang='lat' dir='ltr'><strong>rosa</strong></span> <span class='ocrx_word' id='word_1_238' title='bbox 724 2459 829 2502; x_wconf 86' lang='lat' dir='ltr'><strong>recens</strong></span> <span class='ocrx_word' id='word_1_239' title='bbox 855 2462 872 2503; x_wconf 91' lang='lat' dir='ltr'><strong>a</strong></span> <span class='ocrx_word' id='word_1_240' title='bbox 897 2443 1058 2520; x_wconf 88' lang='lat' dir='ltr'><strong>longinquo</strong></span> <span class='ocrx_word' id='word_1_241' title='bbox 1085 2441 1162 2515; x_wconf 85' lang='lat' dir='ltr'><strong>olet,</strong></span> 
     </span>
    </p>

    <p class='ocr_par' dir='ltr' id='par_1_8' title="bbox 52 2523 1257 3022">
     <span class='ocr_line' id='line_1_28' title="bbox 52 2523 1257 2610; baseline -0.001 -25"><span class='ocrx_word' id='word_1_242' title='bbox 52 2537 54 2544; x_wconf 81' lang='grc'><em>’</em></span> <span class='ocrx_word' id='word_1_243' title='bbox 159 2527 238 2585; x_wconf 87' lang='lat' dir='ltr'><strong>sicca</strong></span> <span class='ocrx_word' id='word_1_244' title='bbox 252 2526 382 2602; x_wconf 90' lang='lat' dir='ltr'><strong>propius.</strong></span> <span class='ocrx_word' id='word_1_245' title='bbox 417 2523 507 2582; x_wconf 90' lang='lat' dir='ltr'><strong>omnis</strong></span> <span class='ocrx_word' id='word_1_246' title='bbox 528 2531 622 2582; x_wconf 87' lang='lat' dir='ltr'><strong>autern</strong></span> <span class='ocrx_word' id='word_1_247' title='bbox 642 2541 733 2583; x_wconf 87' lang='lat' dir='ltr'><strong>verno</strong></span> <span class='ocrx_word' id='word_1_248' title='bbox 754 2535 887 2604; x_wconf 90' lang='lat' dir='ltr'><strong>tempore</strong></span> <span class='ocrx_word' id='word_1_249' title='bbox 909 2527 1005 2586; x_wconf 87' lang='lat' dir='ltr'><strong>acrior</strong></span> <span class='ocrx_word' id='word_1_250' title='bbox 1024 2533 1053 2584; x_wconf 91' lang='lat' dir='ltr'><strong>et</strong></span> <span class='ocrx_word' id='word_1_251' title='bbox 1068 2533 1162 2585; x_wconf 83' lang='lat' dir='ltr'><strong>matu·</strong></span> <span class='ocrx_word' id='word_1_252' title='bbox 1256 2589 1257 2610; x_wconf 49' lang='lat'><strong>,</strong></span> 
     </span>
     <span class='ocr_line' id='line_1_29' title="bbox 158 2606 1257 2686; baseline -0.005 -19"><span class='ocrx_word' id='word_1_253' title='bbox 158 2607 234 2667; x_wconf 87' lang='lat' dir='ltr'><strong>tinis.</strong></span> <span class='ocrx_word' id='word_1_254' title='bbox 267 2606 404 2685; x_wconf 87' lang='lat' dir='ltr'><strong>quidquid</strong></span> <span class='ocrx_word' id='word_1_255' title='bbox 424 2607 461 2666; x_wconf 91' lang='lat' dir='ltr'><strong>ad</strong></span> <span class='ocrx_word' id='word_1_256' title='bbox 482 2606 653 2667; x_wconf 88' lang='lat' dir='ltr'><strong>meridianas</strong></span> <span class='ocrx_word' id='word_1_257' title='bbox 674 2607 761 2669; x_wconf 91' lang='lat' dir='ltr'><strong>horas</strong></span> <span class='ocrx_word' id='word_1_258' title='bbox 785 2609 848 2668; x_wconf 89' lang='lat' dir='ltr'><strong>dies</strong></span> <span class='ocrx_word' id='word_1_259' title='bbox 874 2613 970 2686; x_wconf 84' lang='lat' dir='ltr'><strong>vergit</strong></span> <span class='ocrx_word' id='word_1_260' title='bbox 993 2608 1161 2668; x_wconf 89' lang='lat' dir='ltr'><strong>hebetatur.</strong></span> <span class='ocrx_word' id='word_1_261' title='bbox 1208 2638 1211 2649; x_wconf 44' lang='grc' dir='ltr'><strong>ι</strong></span> <span class='ocrx_word' id='word_1_262' title='bbox 1256 2619 1257 2662; x_wconf 84' lang='lat' dir='ltr'><strong>l</strong></span> 
     </span>
     <span class='ocr_line' id='line_1_30' title="bbox 157 2689 1256 2769; baseline 0.002 -20"><span class='ocrx_word' id='word_1_263' title='bbox 157 2689 275 2750; x_wconf 88' lang='lat' dir='ltr'><strong>novella</strong></span> <span class='ocrx_word' id='word_1_264' title='bbox 303 2707 418 2769; x_wconf 90' lang='lat' dir='ltr'><strong>quoque</strong></span> <span class='ocrx_word' id='word_1_265' title='bbox 443 2690 565 2750; x_wconf 88' lang='lat' dir='ltr'><strong>vetustis</strong></span> <span class='ocrx_word' id='word_1_266' title='bbox 592 2691 683 2750; x_wconf 87' lang='lat' dir='ltr'><strong>minus</strong></span> <span class='ocrx_word' id='word_1_267' title='bbox 708 2693 838 2753; x_wconf 87' lang='lat' dir='ltr'><strong>odorata.</strong></span> <span class='ocrx_word' id='word_1_268' title='bbox 879 2695 1035 2753; x_wconf 89' lang='lat' dir='ltr'><strong>acerrimus</strong></span> <span class='ocrx_word' id='word_1_269' title='bbox 1061 2689 1187 2752; x_wconf 85' lang='lat' dir='ltr'><strong>tamen¹</strong></span> <span class='ocrx_word' id='word_1_270' title='bbox 1255 2723 1256 2728; x_wconf 19' lang='grc' dir='ltr'><strong>κ</strong></span> 
     </span>
     <span class='ocr_line' id='line_1_31' title="bbox 134 2773 1200 2851; baseline 0.002 -17"><span class='ocrx_word' id='word_1_271' title='bbox 134 2813 138 2820; x_wconf 82' lang='lat'>.</span> <span class='ocrx_word' id='word_1_272' title='bbox 159 2773 232 2835; x_wconf 88' lang='lat' dir='ltr'><strong>odor</strong></span> <span class='ocrx_word' id='word_1_273' title='bbox 246 2775 369 2834; x_wconf 88' lang='lat' dir='ltr'><strong>omnium</strong></span> <span class='ocrx_word' id='word_1_274' title='bbox 384 2783 495 2836; x_wconf 88' lang='lat' dir='ltr'><strong>aestate</strong></span> <span class='ocrx_word' id='word_1_275' title='bbox 510 2773 612 2835; x_wconf 91' lang='lat' dir='ltr'><strong>media.</strong></span> <span class='ocrx_word' id='word_1_276' title='bbox 641 2791 708 2836; x_wconf 92' lang='lat' dir='ltr'><strong>rosa</strong></span> <span class='ocrx_word' id='word_1_277' title='bbox 725 2785 754 2836; x_wconf 91' lang='lat' dir='ltr'><strong>et</strong></span> <span class='ocrx_word' id='word_1_278' title='bbox 769 2793 885 2836; x_wconf 89' lang='lat' dir='ltr'><strong>crocum</strong></span> <span class='ocrx_word' id='word_1_279' title='bbox 899 2776 1077 2851; x_wconf 89' lang='lat' dir='ltr'><strong>odoratiora,</strong></span> <span class='ocrx_word' id='word_1_280' title='bbox 1093 2793 1162 2835; x_wconf 89' lang='lat' dir='ltr'><strong>oum</strong></span> <span class='ocrx_word' id='word_1_281' title='bbox 1172 2795 1200 2838; x_wconf 84' lang='lat' dir='ltr'><strong>eo</strong></span> 
     </span>
     <span class='ocr_line' id='line_1_32' title="bbox 158 2858 1162 2938; baseline 0.003 -21"><span class='ocrx_word' id='word_1_282' title='bbox 158 2860 271 2919; x_wconf 85' lang='lat' dir='ltr'><strong>serenis</strong></span> <span class='ocrx_word' id='word_1_283' title='bbox 289 2858 389 2918; x_wconf 89' lang='lat' dir='ltr'><strong>diebus</strong></span> <span class='ocrx_word' id='word_1_284' title='bbox 406 2859 549 2936; x_wconf 91' lang='lat' dir='ltr'><strong>leguntur,</strong></span> <span class='ocrx_word' id='word_1_285' title='bbox 576 2866 605 2918; x_wconf 90' lang='lat' dir='ltr'><strong>et</strong></span> <span class='ocrx_word' id='word_1_286' title='bbox 620 2860 713 2918; x_wconf 92' lang='lat' dir='ltr'><strong>omnia</strong></span> <span class='ocrx_word' id='word_1_287' title='bbox 728 2861 756 2918; x_wconf 93' lang='lat' dir='ltr'><strong>in</strong></span> <span class='ocrx_word' id='word_1_288' title='bbox 772 2858 871 2920; x_wconf 89' lang='lat' dir='ltr'><strong>calidis</strong></span> <span class='ocrx_word' id='word_1_289' title='bbox 889 2877 972 2938; x_wconf 89' lang='lat' dir='ltr'><strong>quam</strong></span> <span class='ocrx_word' id='word_1_290' title='bbox 988 2861 1017 2919; x_wconf 92' lang='lat' dir='ltr'><strong>in</strong></span> <span class='ocrx_word' id='word_1_291' title='bbox 1032 2859 1162 2937; x_wconf 82' lang='lat' dir='ltr'><strong>frigidis.</strong></span> 
     </span>
     <span class='ocr_line' id='line_1_33' title="bbox 158 2941 1163 3022; baseline 0.001 -21"><span class='ocrx_word' id='word_1_292' title='bbox 158 2943 186 3001; x_wconf 93' lang='lat' dir='ltr'><strong>in</strong></span> <span class='ocrx_word' id='word_1_293' title='bbox 199 2942 337 3022; x_wconf 75' lang='lat' dir='ltr'><strong>Aegypto</strong></span> <span class='ocrx_word' id='word_1_294' title='bbox 359 2951 453 3008; x_wconf 83' lang='lat' dir='ltr'><strong>tamen</strong></span> <span class='ocrx_word' id='word_1_295' title='bbox 472 2943 594 3001; x_wconf 87' lang='lat' dir='ltr'><strong>minume</strong></span> <span class='ocrx_word' id='word_1_296' title='bbox 611 2941 722 3001; x_wconf 91' lang='lat' dir='ltr'><strong>odorati</strong></span> <span class='ocrx_word' id='word_1_297' title='bbox 737 2942 842 3017; x_wconf 89' lang='lat' dir='ltr'><strong>tiores,</strong></span> <span class='ocrx_word' id='word_1_298' title='bbox 867 2945 932 3022; x_wconf 90' lang='lat' dir='ltr'><strong>quia</strong></span> <span class='ocrx_word' id='word_1_299' title='bbox 954 2943 1114 3005; x_wconf 87' lang='lat' dir='ltr'><strong>nebulosas</strong></span> <span class='ocrx_word' id='word_1_300' title='bbox 1130 2952 1163 3002; x_wconf 89' lang='lat' dir='ltr'><strong>et</strong></span> 
     </span>
    </p>

    <p class='ocr_par' dir='ltr' id='par_1_9' title="bbox 115 3019 1200 3271">
     <span class='ocr_line' id='line_1_34' title="bbox 115 3019 1161 3104; baseline 0 -18"><span class='ocrx_word' id='word_1_301' title='bbox 115 3033 149 3092; x_wconf 80' lang='grc'><strong>37</strong></span> <span class='ocrx_word' id='word_1_302' title='bbox 156 3026 288 3086; x_wconf 89' lang='lat' dir='ltr'><strong>roscidus</strong></span> <span class='ocrx_word' id='word_1_303' title='bbox 303 3043 354 3087; x_wconf 90' lang='lat' dir='ltr'><strong>aer</strong></span> <span class='ocrx_word' id='word_1_304' title='bbox 370 3033 415 3084; x_wconf 89' lang='grc' dir='ltr'><strong>ει</strong></span> <span class='ocrx_word' id='word_1_305' title='bbox 428 3043 444 3085; x_wconf 92' lang='lat' dir='ltr'><strong>a</strong></span> <span class='ocrx_word' id='word_1_306' title='bbox 460 3025 548 3084; x_wconf 90' lang='lat' dir='ltr'><strong>multo</strong></span> <span class='ocrx_word' id='word_1_307' title='bbox 569 3023 691 3086; x_wconf 90' lang='lat' dir='ltr'><strong>dumine.</strong></span> <span class='ocrx_word' id='word_1_308' title='bbox 722 3019 898 3104; x_wconf 81' lang='lat' dir='ltr'><strong>quorundam</strong></span> <span class='ocrx_word' id='word_1_309' title='bbox 913 3027 1045 3088; x_wconf 82' lang='lat' dir='ltr'><strong>suavitati</strong></span> <span class='ocrx_word' id='word_1_310' title='bbox 1059 3028 1161 3104; x_wconf 81' lang='lat' dir='ltr'><strong>gravi-</strong></span> 
     </span>
     <span class='ocr_line' id='line_1_35' title="bbox 156 3107 1162 3190; baseline 0.001 -21"><span class='ocrx_word' id='word_1_311' title='bbox 156 3119 200 3170; x_wconf 81' lang='lat' dir='ltr'><strong>tas</strong></span> <span class='ocrx_word' id='word_1_312' title='bbox 213 3111 298 3169; x_wconf 90' lang='lat' dir='ltr'><strong>inest.</strong></span> <span class='ocrx_word' id='word_1_313' title='bbox 333 3108 485 3187; x_wconf 88' lang='lat' dir='ltr'><strong>quaedam,</strong></span> <span class='ocrx_word' id='word_1_314' title='bbox 507 3107 572 3168; x_wconf 90' lang='lat' dir='ltr'><strong>dum</strong></span> <span class='ocrx_word' id='word_1_315' title='bbox 588 3110 696 3184; x_wconf 89' lang='lat' dir='ltr'><strong>virent,</strong></span> <span class='ocrx_word' id='word_1_316' title='bbox 719 3126 776 3168; x_wconf 94' lang='lat' dir='ltr'><strong>non</strong></span> <span class='ocrx_word' id='word_1_317' title='bbox 793 3110 1014 3190; x_wconf 79' lang='lat' dir='ltr'><strong>olentpropter</strong></span> <span class='ocrx_word' id='word_1_318' title='bbox 1025 3127 1162 3170; x_wconf 89' lang='lat' dir='ltr'><strong>umorem</strong></span> 
     </span>
     <span class='ocr_line' id='line_1_36' title="bbox 156 3189 1200 3271; baseline 0.002 -19"><span class='ocrx_word' id='word_1_319' title='bbox 156 3194 283 3267; x_wconf 93' lang='lat' dir='ltr'><strong>nimium,</strong></span> <span class='ocrx_word' id='word_1_320' title='bbox 298 3201 329 3252; x_wconf 92' lang='lat' dir='ltr'><strong>ut</strong></span> <span class='ocrx_word' id='word_1_321' title='bbox 342 3193 483 3268; x_wconf 89' lang='lat' dir='ltr'><strong>buceros,</strong></span> <span class='ocrx_word' id='word_1_322' title='bbox 499 3191 576 3268; x_wconf 92' lang='lat' dir='ltr'><strong>quod</strong></span> <span class='ocrx_word' id='word_1_323' title='bbox 592 3202 637 3252; x_wconf 87' lang='lat' dir='ltr'><strong>est</strong></span> <span class='ocrx_word' id='word_1_324' title='bbox 651 3192 747 3252; x_wconf 81' lang='lat' dir='ltr'><strong>lenum</strong></span> <span class='ocrx_word' id='word_1_325' title='bbox 763 3189 912 3254; x_wconf 82' lang='lat' dir='ltr'><strong>Graecum.</strong></span> <span class='ocrx_word' id='word_1_326' title='bbox 944 3203 1065 3271; x_wconf 84' lang='lat' dir='ltr'><strong>aquatus</strong></span> <span class='ocrx_word' id='word_1_327' title='bbox 1080 3195 1161 3254; x_wconf 88' lang='lat' dir='ltr'><strong>odor</strong></span> <span class='ocrx_word' id='word_1_328' title='bbox 1171 3211 1200 3253; x_wconf 81' lang='lat' dir='ltr'><strong>es</strong></span> 
     </span>
    </p>

    <p class='ocr_par' dir='ltr' id='par_1_10' title="bbox 82 3275 1161 3357">
     <span class='ocr_line' id='line_1_37' title="bbox 82 3275 1161 3357; baseline 0.003 -22"><span class='ocrx_word' id='word_1_329' title='bbox 82 3276 86 3286; x_wconf 81' lang='lat'><em>&#39;</em></span> <span class='ocrx_word' id='word_1_330' title='bbox 156 3293 213 3336; x_wconf 94' lang='lat' dir='ltr'><strong>non</strong></span> <span class='ocrx_word' id='word_1_331' title='bbox 229 3277 351 3335; x_wconf 91' lang='lat' dir='ltr'><strong>omnium</strong></span> <span class='ocrx_word' id='word_1_332' title='bbox 365 3275 426 3335; x_wconf 88' lang='lat' dir='ltr'><strong>sine</strong></span> <span class='ocrx_word' id='word_1_333' title='bbox 449 3291 520 3336; x_wconf 90' lang='lat' dir='ltr'><strong>suco</strong></span> <span class='ocrx_word' id='word_1_334' title='bbox 535 3284 596 3351; x_wconf 86' lang='lat' dir='ltr'><strong>est,</strong></span> <span class='ocrx_word' id='word_1_335' title='bbox 623 3285 654 3336; x_wconf 94' lang='lat' dir='ltr'><strong>ut</strong></span> <span class='ocrx_word' id='word_1_336' title='bbox 672 3275 786 3352; x_wconf 86' lang='lat' dir='ltr'><strong>violae,</strong></span> <span class='ocrx_word' id='word_1_337' title='bbox 813 3294 915 3356; x_wconf 89' lang='lat' dir='ltr'><strong>rosae,</strong></span> <span class='ocrx_word' id='word_1_338' title='bbox 943 3293 1041 3337; x_wconf 89' lang='lat' dir='ltr'><strong>croco.</strong></span> <span class='ocrx_word' id='word_1_339' title='bbox 1079 3296 1161 3357; x_wconf 85' lang='lat' dir='ltr'><strong>quae</strong></span> 
     </span>
    </p>

    <p class='ocr_par' dir='ltr' id='par_1_11' title="bbox 155 3360 1161 3439">
     <span class='ocr_line' id='line_1_38' title="bbox 155 3360 1161 3439; baseline 0.004 -21"><span class='ocrx_word' id='word_1_340' title='bbox 155 3375 227 3418; x_wconf 89' lang='lat' dir='ltr'><strong>vero</strong></span> <span class='ocrx_word' id='word_1_341' title='bbox 244 3375 281 3417; x_wconf 89' lang='lat' dir='ltr'><strong>ex</strong></span> <span class='ocrx_word' id='word_1_342' title='bbox 296 3360 406 3438; x_wconf 85' lang='lat' dir='ltr'><strong>aquatis</strong></span> <span class='ocrx_word' id='word_1_343' title='bbox 423 3367 522 3419; x_wconf 84' lang='lat' dir='ltr'><strong>carent</strong></span> <span class='ocrx_word' id='word_1_344' title='bbox 537 3376 623 3435; x_wconf 89' lang='lat' dir='ltr'><strong>suco,</strong></span> <span class='ocrx_word' id='word_1_345' title='bbox 643 3375 742 3420; x_wconf 90' lang='lat' dir='ltr'><strong>eornm</strong></span> <span class='ocrx_word' id='word_1_346' title='bbox 757 3361 883 3422; x_wconf 89' lang='lat' dir='ltr'><strong>omnium</strong></span> <span class='ocrx_word' id='word_1_347' title='bbox 897 3361 970 3422; x_wconf 92' lang='lat' dir='ltr'><strong>odor</strong></span> <span class='ocrx_word' id='word_1_348' title='bbox 984 3363 1099 3439; x_wconf 87' lang='lat' dir='ltr'><strong>gravis,</strong></span> <span class='ocrx_word' id='word_1_349' title='bbox 1124 3371 1161 3422; x_wconf 84' lang='lat' dir='ltr'><strong>ut</strong></span> 
     </span>
    </p>

    <p class='ocr_par' dir='ltr' id='par_1_12' title="bbox 156 3441 1158 3520">
     <span class='ocr_line' id='line_1_39' title="bbox 156 3441 1158 3520; baseline 0.005 -19"><span class='ocrx_word' id='word_1_350' title='bbox 156 3443 186 3501; x_wconf 92' lang='lat' dir='ltr'><strong>in</strong></span> <span class='ocrx_word' id='word_1_351' title='bbox 202 3441 262 3501; x_wconf 92' lang='lat' dir='ltr'><strong>lilio</strong></span> <span class='ocrx_word' id='word_1_352' title='bbox 277 3442 424 3520; x_wconf 86' lang='lat' dir='ltr'><strong>utriusque</strong></span> <span class='ocrx_word' id='word_1_353' title='bbox 439 3441 565 3520; x_wconf 55' lang='lat' dir='ltr'><strong>generis,</strong></span> <span class='ocrx_word' id='word_1_354' title='bbox 590 3441 777 3506; x_wconf 84' lang='lat' dir='ltr'><strong>habrotonum</strong></span> <span class='ocrx_word' id='word_1_355' title='bbox 793 3454 822 3505; x_wconf 89' lang='lat' dir='ltr'><strong>et</strong></span> <span class='ocrx_word' id='word_1_356' title='bbox 836 3455 995 3505; x_wconf 86' lang='lat' dir='ltr'><strong>amaracum</strong></span> <span class='ocrx_word' id='word_1_357' title='bbox 1010 3446 1086 3505; x_wconf 87' lang='lat' dir='ltr'><strong>aeris</strong></span> <span class='ocrx_word' id='word_1_358' title='bbox 1101 3446 1158 3506; x_wconf 85' lang='lat' dir='ltr'><strong>lra-</strong></span> 
     </span>
    </p>
   </div>
   <div class='ocr_carea' id='block_1_3' title="bbox 0 0 1274 3864">
    <p class='ocr_par' dir='ltr' id='par_1_13' title="bbox 0 0 1274 3864">
     <span class='ocr_line' id='line_1_40' title="bbox 0 0 1274 3864; baseline 0 0"><span class='ocrx_word' id='word_1_359' title='bbox 0 0 1274 3864; x_wconf 95' lang='lat' dir='ltr'><strong> </strong></span> 
     </span>
    </p>
   </div>
  </div>
 </body>
</html>
