2552 3866
179 173 238 235 146
345 188 355 201 ·
382 198 385 204 ·
519 183 548 231 c.
564 183 660 231 annu
676 180 855 234 sueonos*

178 359 257 414 scus,
274 337 386 412 Conon,
403 335 513 414 Criton,
528 337 723 437 Democritus,
740 335 878 396 Eudoxus
893 347 957 394 1111.
966 332 1106 394 kalendas
1124 351 1172 392 ca-

179 424 287 505 pellam
308 423 443 481 matutino
462 423 571 481 exoriri
587 431 617 480 et
635 433 686 480 111.
703 419 842 480 kalendas
862 417 983 477 haedos.
1016 425 1073 476 vt.
1081 433 1174 476 nonas

179 505 314 568 Octobris
329 504 442 564 Atticae
458 521 566 565 corona
583 506 712 564 exoritur
726 521 825 579 mane,
851 501 940 562 Asiae
957 510 987 560 et
1003 498 1123 560 Caesari
1138 515 1171 559 v.

179 608 268 652 nonas
282 589 443 650 heniochus
459 589 566 649 occidit
581 589 726 647 matutino.
744 599 807 652 1111
821 604 911 646 nonus
929 582 1056 646 Caesari
1063 600 1174 644 corona

137 675 302 742 313enoriri
318 673 427 751 incipit,
441 683 470 734 et
483 673 623 751 postridie
636 666 1005 747 occidunthaedivesperi.
1020 681 1094 727 vt11.
1109 667 1199 727 iduss
1266 745 1267 748 ι

179 757 315 819 Octobris
328 756 446 817 Caesari
454 756 597 855 'fulgens
589 774 617 814 ιιι
631 763 739 814 corona
755 755 839 813 stella
852 755 992 828 exoritur,
1006 761 1035 811 et
1049 765 1096 811 VI.
1109 751 1173 810 idus
1266 753 1267 808 ι

179 842 319 918 vergiliae
343 841 476 924 vesperi,
501 841 594 900 idibus
619 855 727 898 corona
749 846 837 897 tota.-
854 850 939 896 xvn.
958 835 1098 895 kalendas
1114 833 1173 894 No-

179 925 306 986 vembris
320 925 439 984 suculae
454 925 572 1003 vesperi
587 925 763 983 exoriuntur.
790 918 883 1000 pridie
897 919 1038 982 kalendas
1055 917 1174 978 Caesari
1266 911 1267 962 l

152 1019 310 1092 arcturus
327 1009 434 1069 occidit
449 1017 477 1068 et
496 1008 615 1070 suculae
633 1006 800 1082 exoriuntur
815 1023 879 1064 cum
900 1005 973 1064 sole
1003 1012 1106 1081 quarto
1122 1019 1173 1062 no·

179 1112 230 1154 nas
248 1101 378 1152 arcturus
398 1092 504 1152 occidit
520 1093 648 1170 vesperi.
677 1088 774 1168 'quinto
791 1089 854 1149 idus
872 1086 1045 1148 Novembris
1061 1086 1173 1164 gladius
1183 1102 1209 1144 ιι
1266 1147 1267 1152 ,

133 1169 190 1244 '314
197 1177 312 1238 Orionis
326 1177 487 1236 occidere
479 1178 586 1254 incipit
605 1175 671 1237 dein
683 1187 732 1233 111.
745 1173 808 1233 idus
819 1172 960 1248 vergiliae
972 1172 1118 1231 occidunt.
1141 1169 1175 1229 ln

104 1325 108 1334 ,
181 1263 224 1324 lris
239 1270 398 1340 temporum
415 1260 575 1319 intervallis
591 1275 681 1335 opera
701 1258 824 1316 rustica:
853 1273 950 1334 rapa‚.
956 1272 1047 1334 napos
1072 1271 1173 1314 serere
1266 1307 1267 1328 ι

145 1345 285 1424 saepibus
311 1345 430 1405 diximus
448 1343 559 1402 diebus.
591 1342 697 1417 volgus
718 1339 836 1416 agreste
856 1358 927 1418 rapa
948 1349 1015 1418 post
1043 1339 1172 1398 ciconiae
1266 1335 1267 1354 ¹

181 1430 340 1489 discessum
355 1426 430 1486 male
452 1444 511 1486 serr
525 1433 621 1503 putat
647 1441 701 1484 nos
717 1425 830 1493 omnino
846 1433 913 1502 post
929 1423 1115 1522 volcanalia‚
1146 1431 1175 1481 et
1266 1431 1267 1472 ἒ

182 1514 337 1592 praecocia
352 1529 414 1570 cum
430 1509 549 1589 panico,
567 1508 732 1568 alidiculae
746 1517 842 1568 autem
860 1524 968 1569 occasu
981 1508 1084 1566 vicians
1103 1506 1209 1584 pha-1⁵
1266 1507 1267 1536 ³

107 1643 112 1656 .
182 1597 290 1672 siclos,
318 1593 464 1674 pabulum.
496 1593 553 1653 hoc
574 1593 679 1652 silente
700 1593 766 1652 luna
784 1593 843 1651 seri
862 1591 970 1652 iubent.
1006 1591 1044 1650 tit
1064 1590 1175 1652 frondis
1266 1639 1267 1644 ,

181 1679 400 1759 praeparandae
416 1689 530 1756 tempus
545 1677 602 1736 hoc
619 1686 672 1736 est.
703 1695 775 1736 unus
785 1676 939 1736 frondator
948 1683 1082 1754 quattuor
1096 1674 1174 1734 fron·
1266 1705 1267 1708 ι

182 1763 396 1826 dariasiiscinas
405 1762 566 1840 conplere
558 1780 586 1819 ιιι
598 1761 755 1820 dieiustunt
764 1759 861 1821 habet.
875 1779 900 1818 ιι
893 1760 1098 1819 'decrescente
1107 1757 1174 1817 luna

140 1859 191 1913 315
200 1855 397 1930 praeparetur,
405 1863 462 1904 non
477 1846 627 1922 putrescit.
650 1844 757 1904 aridam
773 1845 872 1921 colligi
888 1861 945 1903 uon
961 1851 1085 1922 oportet.
1102 1841 1174 1900 Vin·
1266 1845 1267 1890 3

107 1933 110 1940 '
184 1932 303 1990 demram
311 1929 416 2006 antiqui
426 1945 577 2027 numquam
589 1929 792 1988 existimavere
805 1936 942 1992 maturam
955 1938 1021 1988 ante
1033 1927 1170 2026 acquino-
1183 1937 1209 1978 ιο
1239 1937 1241 1948 “

184 2014 278 2086 otium,
293 2013 348 2070 iarn
363 2013 470 2090 passim
486 2013 548 2089 rapi
563 2029 674 2075 cerno.
692 2010 877 2090 quamobrem
893 2020 922 2073 et
941 2011 1024 2072 huius
1043 2011 1175 2088 tempora
1266 2029 1267 2052 ι

183 2097 258 2155 notis
278 2097 510 2173 argumentisque
529 2097 686 2172 signentur.
716 2095 800 2172 leges
815 2097 855 2154 lta
875 2113 908 2155 se
924 2095 1046 2156 habent:
1070 2112 1174 2153 uvam
1251 2105 1259 2120 ι

184 2179 339 2240 calidam
356 2197 397 2239 ne
413 2175 548 2256 legito,
576 2179 633 2240 hoc
650 2189 695 2239 est
717 2180 745 2238 in
771 2180 880 2240 aestiva
907 2180 1039 2239 siccitate
1063 2196 1098 2238 ac
1121 2177 1175 2236 nisi

183 2264 275 2324 imber
292 2266 489 2323 intervenerit.
519 2281 620 2324 uvam
642 2263 872 2336 rorulentam
893 2281 935 2321 ne
956 2262 1094 2339 legito,
1118 2262 1175 2321 hoc

185 2359 229 2408 est
244 2350 268 2406 si
282 2365 331 2406 ros
346 2357 501 2407 nocturnus
513 2347 615 2421 fuerit,
641 2363 697 2405 nec
717 2348 795 2423 prius
812 2363 895 2424 quam
914 2345 980 2405 sole
996 2347 1172 2406 discutiatur.
1184 2366 1211 2405 as

143 2429 1174 2508 316vindemiareincipito,curnadpalmitempampinns

149 2589 151 2594 ,
184 2514 428 2591 procumbere
448 2513 619 2590 coeperit
640 2522 698 2572 aut
717 2531 792 2572 cum
814 2522 978 2591 exempto
1002 2515 1109 2573 acino
1132 2529 1176 2572 ex

185 2596 365 2656 densitate
395 2595 634 2656 intervallum
655 2613 723 2656 nou
746 2596 918 2675 conpleri
940 2596 1173 2696 adposuerit,

185 2697 225 2738 ac
244 2681 310 2739 iam
325 2694 395 2738 non
413 2681 547 2756 augeri
566 2681 704 2740 acinos.
732 2681 890 2758 plurumum
905 2679 1007 2754 refert
1024 2683 1049 2740 si
1065 2683 1174 2740 contin·

111 2823 115 2833 ,
142 2771 192 2826 317
198 2772 247 2839 gat
264 2772 414 2823 crescente
431 2763 497 2823 luno
512 2762 696 2824 vindemiare.
727 2765 864 2824 Pressura
879 2781 933 2823 una
945 2764 1059 2824 culleos
1071 2777 1120 2824 xx
1132 2765 1173 2822 in·
1183 2789 1211 2830 ιο

149 2847 267 2925 plere
282 2846 379 2906 debat.
408 2848 455 2907 bic
470 2857 517 2906 est
530 2865 583 2925 pes
601 2848 701 2908 iustus.
726 2848 762 2907 ad
776 2847 895 2906 totidem
914 2847 1027 2908 culleos
1048 2859 1077 2908 et
1092 2848 1173 2908 lucus

184 2943 233 2989 xx
245 2930 391 3008 iugeribus
414 2948 498 2989 unum
516 2930 621 2990 suflicit
641 2930 791 2991 torculum.
824 2941 961 3014 premunt
974 2932 1061 3008 aliqui
1077 2933 1173 3008 singn-

102 3025 107 3042 ι
184 3014 230 3110 lis,
252 3016 346 3075 utilius
366 3013 455 3089 binis,
476 3014 545 3073 licet
560 3029 664 3090 magna
678 3016 714 3074 sit
727 3014 846 3075 vastitas
870 3003 1005 3092 singulis.
1019 3014 1172 3092 longitudo

133 3155 134 3160 ,
184 3097 268 3156 inhis
284 3097 390 3172 refert,
419 3114 486 3156 non
491 3098 661 3162 crassitudo.
691 3098 935 3176 spatiosamelius
950 3108 1091 3176 premunt.
1124 3117 1172 3158 an·

184 3181 254 3266 tiqui
266 3181 378 3240 funibus
391 3181 527 3258 vittisque
545 3180 634 3241 loreis
655 3198 689 3240 ea
704 3180 893 3241 detrahebant
908 3190 937 3240 et
957 3183 1099 3243 vectibus.
1129 3183 1170 3240 in·
1181 3206 1211 3246 as

184 3259 227 3320 tra
245 3275 264 3321 c
281 3281 369 3324 annos
388 3265 502 3323 inventa
520 3263 711 3338 Graecanica,
728 3264 794 3324 mali
807 3265 894 3348 rugis
905 3283 959 3343 per
975 3266 1092 3326 cocleas
1107 3263 1171 3324 bul·

156 3399 159 3406 .
182 3333 322 3422 lantibus,
343 3347 417 3424 palis
433 3347 527 3407 adfixa
541 3347 638 3407 arbori
651 3346 753 3423 stella,
774 3339 894 3425 apalis
894 3367 976 3410 areas
991 3350 1114 3426 lapidum
1128 3357 1170 3408 at-

184 3427 304 3488 tollente
321 3448 419 3490 secum
432 3430 551 3507 arbore,
568 3430 645 3510 quod
660 3447 790 3492 maxume
802 3430 952 3510 probatur.
982 3434 1053 3492 intra
1069 3433 1171 3510 viginti
