2534 3866
103 173 123 207 ”
162 182 222 244 122
515 195 544 243 c.
561 196 656 244 auum
671 194 818 244 sueonos

158 355 263 415 accidit
282 353 312 412 P.
329 351 416 412 Aelio
432 349 483 412 Gn.
501 349 636 410 Cornelio
659 367 754 427 coss,
775 366 832 427 quo
851 365 924 409 anuo
940 359 1094 428 superatus
1109 361 1154 413 est

158 435 308 498 Hannibal.
338 437 366 494 in
381 434 532 496 arboribus
548 436 621 494 enim
636 443 693 493 tum
708 443 773 494 nata
788 433 946 511 produntur
960 433 1111 496 frumenta.

116 531 167 587 167
232 521 317 598 (47.)
339 517 376 579 llt
397 521 566 598 quoniam
554 518 590 577 dc
613 518 726 594 frugum
747 526 902 594 terraeque
925 517 1083 595 generibus
1104 517 1153 579 ab·

84 663 87 674 ,
130 607 234 666 unde
253 605 391 679 diximus,
413 621 488 663 nuuc
501 602 538 661 de
554 589 652 661 arandi
667 603 778 662 ratione
801 601 946 677 dicemus,
973 611 1038 661 ante
1062 603 1154 662 omnia

159 690 288 768 Aegypti
311 649 449 751 facilitate
468 693 691 747 comnemorata.
723 683 805 744 Nilus
830 684 870 743 ibi
888 685 987 746 coloni
1003 686 1068 745 vics
1090 686 1151 745 inn-
1165 707 1178 746 s

118 793 135 836 r,
142 790 245 851 argens
258 772 385 848 evagari
391 771 500 848 incipit,
513 779 544 828 ut
557 770 694 843 diximus,
713 768 838 827 solstitio
854 785 870 827 a
883 785 957 828 nova
971 769 1049 844 luna,
1061 772 1175 868 primo

159 860 249 932 lente,
268 854 335 915 dein
352 854 561 952 vehementius,
584 812 740 930 quamdiu
732 869 760 908 ιιι
780 851 866 910 leone
882 852 928 911 sol
946 861 999 912 est.
1026 870 1094 912 mox
1113 853 1155 931 pi·

118 953 168 1007 168
179 941 291 1019 grescrt
312 940 341 996 in
364 939 504 1014 virginem
525 946 708 1014 transgresso
730 943 817 1013 atque
844 937 873 994 in
897 936 970 996 libra
989 937 1099 996 residit.
1132 937 1156 995 si

160 1024 313 1087 duodecim
330 1020 424 1080 cubita
447 1037 504 1080 non
522 1022 666 1094 excessit,
689 1018 780 1078 fames
799 1029 880 1079 certa
896 1028 957 1095 est,
980 1038 1036 1079 nec
1052 1020 1153 1094 minus,

159 1111 185 1170 si
211 1106 339 1167 sedecim
357 1105 551 1202 exsuperavit
580 1113 658 1163 tanto
680 1104 754 1162 enim
777 1102 884 1163 tardius
907 1103 1021 1163 decedit
1046 1113 1152 1181 quanto
1167 1116 1191 1157 ro

160 1189 348 1251 abuudantius
365 1189 473 1264 crevit,
496 1197 525 1248 et
543 1195 701 1246 sementem
717 1195 808 1246 arcet.
840 1187 935 1264 volgo
948 1185 1120 1246 credebatur
1138 1203 1155 1244 a

160 1275 285 1335 decessu
314 1273 377 1330 eius
405 1289 506 1331 serere
529 1271 632 1330 solitos
660 1287 728 1329 mox
757 1287 826 1329 sues
854 1270 998 1348 inpellere
1023 1270 1154 1346 vestigiis

77 1396 79 1400 -
160 1357 269 1416 semina
286 1355 500 1432 deprimentis
491 1373 523 1413 ιιι
535 1353 647 1413 madido
665 1354 742 1430 solo,
755 1362 786 1413 et
803 1354 891 1414 credo
908 1355 1060 1431 antiquitus
1073 1353 1155 1412 faoti-

119 1449 170 1507 169
181 1449 279 1500 tarum
309 1456 383 1498 nunc
399 1455 514 1528 quoque
532 1453 589 1496 non
604 1437 692 1497 multo
714 1438 849 1535 graviora
864 1454 972 1536 opera,
995 1437 1046 1497 scd
1061 1446 1156 1496 tamen

160 1525 264 1584 inarari
287 1531 396 1582 certum
423 1519 468 1580 est
492 1521 606 1584 abiecta
631 1523 710 1599 prius
737 1520 845 1582 semina
870 1523 897 1580 in
922 1522 989 1581 limo
1020 1519 1190 1598 degressis

161 1609 261 1685 amnis,
276 1606 333 1665 boc
350 1615 394 1666 est
404 1605 561 1666 Novembri
576 1623 675 1664 mense
690 1606 857 1682 incipiente,
872 1614 976 1684 postea
991 1606 1076 1703 pauci
1090 1623 1155 1664 ruu-

162 1701 227 1752 cant
246 1724 287 1734 —-
309 1690 489 1750 botanismon
509 1698 616 1749 vocant
633 1720 684 1746 -.
715 1688 827 1766 reliqua
847 1707 915 1768 pars
932 1706 990 1749 non
1013 1690 1068 1748 nisi
1092 1705 1156 1748 oum

111 1826 139 1855 ,,
160 1777 237 1836 falce
253 1776 393 1835 arvavisit
407 1774 493 1851 paulo
508 1783 573 1833 ante
589 1773 728 1832 kalendas
736 1773 855 1852 Aprilis.
873 1775 1156 1850 peragitaturautem

161 1862 265 1920 messis
280 1877 380 1917 meuse
394 1856 488 1933 Maio,
510 1856 615 1934 stipula
631 1875 783 1934 numquam
799 1856 926 1931 cubitali,
948 1859 1055 1936 quippe
1071 1855 1156 1915 sabu-

120 1950 171 2006 170
182 1944 240 2002 lum
255 1939 353 2000 subest
368 1957 543 2018 granumque
558 1939 626 2000 limo
641 1948 746 1999 tautum
762 1940 932 1999 continetur.
956 1939 1155 2000 Excellentius
1165 1953 1192 1994 to

67 2089 77 2110 ‚
163 2023 318 2084 Thebaidis
339 2025 450 2100 regioni
471 2023 656 2100 frumentum,
685 2025 817 2102 quoniam
841 2023 976 2100 palustris
992 2023 1154 2100 Aegyptus.

162 2107 262 2168 similis
280 2108 364 2182 ratio,
387 2107 439 2166 sed
454 2107 577 2167 felicitas
592 2110 698 2183 maior,
721 2106 898 2180 Babyloniae
914 2107 1079 2182 Seleuciae,
1098 2106 1155 2166 Eu·

162 2191 265 2268 phrate
282 2199 367 2268 atque
392 2190 472 2267 Tigri
495 2191 744 2268 restagnantibus,
774 2191 906 2266 qnoniam
927 2191 1038 2266 rigandi
1055 2190 1155 2249 modus

161 2273 201 2333 ibi
222 2293 306 2334 manu
325 2283 511 2352 temperatur.
540 2275 631 2355 ,Syria
653 2290 768 2352 quoque
788 2275 865 2332 tenui
888 2273 970 2333 sulco
992 2283 1071 2350 arat,
1093 2291 1157 2332 cum

159 2358 342 2418 multifariam
356 2358 385 2417 in
398 2356 479 2416 ltalia
494 2358 591 2415 octoni
606 2357 699 2414 boves
719 2356 755 2414 ad
772 2357 902 2433 singulos
916 2373 1053 2416 vomeres
1068 2357 1154 2417 anbe-
1165 2377 1191 2418 as

161 2443 230 2502 lent.
242 2440 274 2498 ln
283 2441 356 2498 omni
364 2440 479 2517 quidem
491 2448 572 2516 parte
585 2438 726 2514 culturae,
734 2439 786 2498 sed
798 2442 826 2498 in
834 2440 887 2499 bac
900 2440 1014 2519 quidem
1023 2457 1155 2500 maxume

161 2524 239 2584 valet
253 2523 400 2582 oraculum
410 2521 495 2581 illud:
513 2520 595 2600 quid
613 2538 778 2599 quaeque
794 2525 899 2599 regio
915 2519 1089 2601 patiatur.

120 2617 169 2674 171
233 2605 316 2684 (48.)
339 2603 494 2665 Vomerum
516 2605 597 2683 plura
619 2622 744 2681 genera:
776 2607 870 2666 culter
891 2615 1012 2666 vocatur
1031 2607 1154 2667 inflexus

161 2690 351 2768 praedensam
366 2689 530 2766 priusquam
544 2688 744 2767 proscindatur
757 2699 861 2749 terram
876 2708 981 2752 secans
994 2692 1154 2769 futurisque

161 2773 250 2834 sulcis
261 2772 385 2848 vestigia
399 2772 603 2850 praescribens
615 2773 747 2833 incisuris
759 2789 830 2852 quas
839 2775 992 2852 resupinus
1004 2776 1033 2835 in
1047 2775 1153 2835 arando
1164 2793 1191 2834 ao

160 2858 290 2917 mordeat
312 2872 421 2915 vomer.
459 2856 579 2915 alterum
596 2873 688 2931 genus
706 2865 752 2916 est
771 2855 893 2932 volgare
913 2861 1029 2919 rostrati
1049 2859 1152 2918 vectisa

161 2943 274 3001 tertium
292 2941 320 2997 iu
333 2938 398 2998 solo
413 2938 502 3016 facili,
518 2957 573 2998 nec
587 2948 648 2998 toto
664 2948 829 3017 porrectum
841 2940 958 3018 dentali,
979 2943 1030 3001 ssd
1049 2944 1154 3019 exigna

120 3017 172 3086 nm
184 3023 348 3103 cuspidem
370 3031 475 3081 rostro.
511 3009 608 3082 latior
617 3022 690 3082 baec
708 3031 809 3100 quarto
826 3027 929 3100 generi
950 3033 979 3082 et
1001 3027 1113 3085 acutior
1126 3027 1155 3084 in

161 3123 327 3167 mucronem
342 3106 474 3182 fastigata
492 3105 652 3188 eodemque
667 3106 763 3184 gladio
779 3107 913 3167 scindens
938 3106 1031 3168 solum
1048 3119 1077 3168 et
1091 3111 1153 3169 acie

162 3190 282 3249 laterum
298 3191 411 3256 radices
437 3189 589 3250 herbarum
609 3207 730 3250 secans.
758 3208 815 3251 uon
835 3191 945 3270 pridem
967 3191 1133 3252 inventum
1124 3209 1191 3253 unas

161 3273 263 3335 Raetia
279 3271 388 3346 Galliae
402 3281 433 3332 ut
447 3274 520 3334 duas
533 3273 671 3334 adderent
685 3274 734 3333 tali
749 3275 874 3348 rotulas,
896 3275 973 3352 quod
996 3295 1086 3352 genus
1100 3293 1152 3335 vo·

120 3362 172 3419 173
184 3357 447 3435 cant-plaumorati.
485 3359 582 3436 cuspis
606 3357 732 3434 effigiem
755 3358 839 3437 palae
861 3357 959 3418 ha’oet.
991 3361 1095 3418 Serunt
1113 3361 1153 3419 ita

32 3438 36 3444 '
86 3451 94 3460 ⁴
163 3440 288 3500 nonnisi
304 3440 380 3500 culta
394 3449 471 3501 terra
490 3449 519 3501 et
533 3441 694 3502 iere'nova.
725 3441 846 3502 latitudo
866 3443 991 3502 vomeris
1006 3443 1153 3524 caespites
