2538 3864
180 198 242 258 214
514 176 815 254 o.rn1n1'snonrrn1
929 229 934 244 ,

180 362 302 424 tormina
318 377 434 439 quoque
454 369 483 419 et
500 361 698 421 intestinorum
719 359 847 421 dolores.
880 367 1077 422 verumtamen
1096 375 1177 418 omne

81 475 85 484 ·
139 456 191 513 160
202 445 344 525 pallorem
361 443 524 525 bibentibus
539 445 641 521 gignit.
671 447 711 504 ita
727 453 806 504 certe
826 445 922 503 ierunt
944 443 1029 506 Porci
1048 442 1185 503 Latronis·
1245 479 1246 506 r

182 531 254 591 clari
268 530 343 589 inter
357 529 513 606 magistros
529 527 643 588 dicendi
657 528 859 588 adsectatores
872 527 1084 588 similitudinem
1099 527 1177 586 colo·

180 615 221 674 ris
243 613 345 674 studiis
367 614 509 673 contracti
530 612 655 672 imitatos
675 621 705 672 et
725 612 811 689 paulo
834 620 900 672 ante
914 611 1017 672 lulium
1030 611 1179 671 Vindicem
1245 623 1246 694 j

181 698 360 760 adsertorem
381 697 461 758 illum
488 694 642 757 aNcrone
666 695 808 756 libertatis
835 695 1179 774 captationi-testamenti
1192 707 1210 782 t,
1245 763 1246 788 χ

182 783 224 842 sic
245 781 447 842 lenocinatum.
484 781 593 840 narium
614 781 780 857 sanguinem
801 779 925 858 pastillis
940 778 1058 840 inditum
1078 779 1127 839 uel
1146 797 1181 838 err
1245 799 1246 824 t

182 874 267 926 aceto
285 883 393 930 recens
414 865 489 926 sistit
507 872 537 922 et
559 862 707 924 oculorum
729 864 877 943 epiphoris
898 882 953 943 per
970 863 1181 943 compositum,
1204 854 1207 862 ’
1245 835 1246 906 l

181 949 354 1010 tumentibus
376 967 440 1010 oum
461 946 549 1008 melle
573 948 704 1025 prodest.
722 945 892 1009 infantibus
908 948 1008 1026 inponi
1031 950 1060 1008 ia
1080 955 1182 1006 uentre

140 1043 188 1098 161
202 1033 272 1093 satis
295 1043 350 1092 est.
400 1030 502 1092 morbo
531 1033 615 1109 regio
643 1033 672 1091 in
700 1033 766 1092 vino
798 1031 866 1092 albo
894 1050 911 1092 a
939 1031 1060 1092 balineis
1089 1031 1182 1104 datur,

183 1117 232 1178 15.
254 1116 460 1196 Aethiopicum
477 1134 608 1177 maxume
624 1117 653 1176 in
669 1134 761 1195 posca
782 1126 812 1176 et
832 1118 860 1174 in
871 1116 992 1194 ligmate
1007 1134 1071 1176 cum
1084 1114 1182 1174 melle.
1194 1123 1213 1165 n
1245 1111 1246 1192 l

181 1200 320 1264 Africano
351 1202 485 1280 privatim
520 1202 620 1260 urinae
651 1201 884 1260 incontinentiam
915 1200 1045 1261 cohiberi
1075 1206 1184 1277 putant.
1245 1193 1246 1282 l

67 1351 73 1359 ,
138 1285 142 1292 “
182 1286 305 1346 satlvom
333 1285 416 1347 datur
446 1285 481 1346 ad
506 1285 642 1343 iocineris
666 1284 735 1342 vitia
760 1292 881 1356 tostum,
910 1284 1005 1341 tritum
1032 1285 1187 1356 incocto,
1245 1301 1246 1350 i

182 1370 251 1429 item
283 1369 320 1430 ad
350 1369 538 1442 vertiginem,
569 1366 604 1422 iis
629 1381 701 1422 vero
717 1381 799 1441 quos
825 1365 921 1424 acrior
948 1367 1029 1424 urina
1055 1366 1189 1425 mordeat

112 1519 116 1526 q
181 1454 211 1511 in
236 1453 443 1523 dulcimium,
466 1447 502 1507 ad
522 1446 672 1505 volvarum
692 1447 760 1504 vitia
785 1447 813 1504 in
831 1448 917 1522 uino,
940 1455 1118 1526 praeterque
1143 1451 1189 1506 in·
1245 1481 1246 1514 r

183 1537 288 1614 positis
313 1533 425 1592 vellere
449 1531 544 1608 loliis,
572 1529 686 1590 testium
712 1524 870 1590 tumorrbus
895 1539 1001 1590 tostum
1028 1533 1190 1608 tritumque
1200 1547 1218 1586 n
1245 1519 1246 1546 ¹

141 1629 191 1683 162
205 1638 268 1680 cum
293 1616 380 1677 melle
404 1625 452 1677 aut
477 1633 540 1675 cum
560 1631 684 1674 rosaceo
710 1622 739 1673 et
762 1631 838 1674 cera.
872 1613 1008 1674 siluestre
1031 1615 1067 1674 ad
1091 1617 1190 1674 omnia

185 1703 287 1762 eadem
302 1700 471 1776 efficaciusg
483 1707 638 1779 praeterea
653 1695 689 1758 ad
704 1691 850 1776 serpentis
866 1716 930 1760 cuna
946 1699 1033 1775 olco,
1049 1698 1085 1760 ad
1103 1717 1189 1760 scor·
1216 1777 1220 1781 .

184 1787 304 1864 pisces,
333 1784 556 1862 scolopendras.
594 1784 669 1842 sistit
689 1792 719 1843 et
737 1784 927 1843 vomitionem
947 1785 1122 1861 nausiasque
1149 1803 1190 1843 ex

184 1871 251 1930 vino
281 1876 415 1946 quantum
444 1866 697 1945 adprehenderint„
713 1875 773 1925 tres
798 1866 889 1942 digiti.
941 1876 1063 1945 propter
1088 1868 1189 1928 colum
1245 1915 1246 1960 p

184 1969 301 2029 quoque
324 1950 431 2011 bibitur
448 1951 632 2028 inliniturque
654 1950 703 2010 vel
722 1951 866 2030 penicillis
880 1951 1001 2010 fervens
1019 1951 1190 2030 adprimitur
1199 1965 1220 2004 n

187 2031 297 2095 lasciis.
335 2035 579 2111 strangulationes
594 2034 700 2095 volvae
720 2044 819 2112 potum
841 2035 869 2093 in
891 2037 957 2094 vino
980 2037 1073 2114 aperit
1094 2035 1189 2094 tribus

185 2116 329 2178 drachmis
346 2118 376 2178 in
389 2119 480 2179 tribus
496 2119 606 2194 cyathis
621 2120 688 2178 vini.
719 2118 834 2178 auribus
852 2119 1006 2180 instillatur
1023 2119 1059 2178 ad
1075 2121 1189 2178 sonitus

183 2209 271 2280 atquc
287 2205 403 2264 manitus
418 2221 482 2264 oum
498 2203 572 2262 sebo
586 2203 705 2262 vitulino
721 2203 769 2263 vel
786 2202 883 2263 melle.
914 2202 1076 2281 suggillatis
1092 2203 1188 2263 inlini·
1245 2227 1246 2258 f

184 2294 229 2345 tur
248 2305 316 2348 ‚cum
340 2287 427 2352 melle
447 2296 476 2347 et
499 2305 553 2347 ura
577 2304 663 2365 passa
688 2295 718 2346 et
738 2295 841 2363 aceto,
870 2287 1001 2364 lentigini
1024 2287 1126 2364 nigrae
1149 2305 1190 2346 ex

184 2379 281 2430 aceto.
713 2429 715 2431 ,
757 2373 764 2388 “
1198 2383 1246 2421 tt÷

143 2464 195 2520 163
255 2451 339 2532 (58.)
373 2453 426 2514 Est
447 2453 558 2512 cumino
579 2453 750 2513 simillimum
770 2453 847 2531 quod
865 2453 968 2514 Graeci
990 2462 1095 2514 vocant
1118 2456 1189 2513 ami.

186 2536 300 2614 quidam
314 2555 387 2597 vero
406 2535 609 2615 Aethiopicum
626 2537 766 2596 cuminum
777 2537 806 2597 id
822 2552 890 2596 esse
902 2537 1077 2611 existimant.
1114 2537 1190 2616 Hip·
1245 2535 1246 2610 l

152 2628 324 2712 x[poorates
340 2620 452 2695 regium
467 2619 613 2699 appellat,
635 2619 772 2681 videlicet
788 2622 853 2700 quia
869 2620 1017 2681 efficacius
1032 2620 1190 2699 Aegyptio
1245 2613 1246 2634 ¹

183 2700 329 2763 iudicavit.
359 2703 492 2783 plerique
510 2703 626 2764 alterius
639 2714 757 2766 naturae
772 2706 800 2763 in
814 2714 904 2765 totum
918 2713 1032 2783 patant,
1049 2707 1191 2782 quoniam

186 2785 223 2846 sit
243 2787 349 2848 exilius
370 2796 400 2846 ot
415 2787 571 2848 candidius.
594 2788 692 2848 similis
707 2798 802 2850 autem
818 2796 848 2848 et
862 2789 928 2848 huic
944 2807 1021 2853 usus.
1059 2791 1189 2868 namque
1199 2799 1222 2841 tt

186 2879 215 2931 et
229 2871 351 2948 panibus
364 2871 569 2932 Alexandrinis
582 2871 723 2931 subicitur
738 2881 767 2932 et
783 2871 970 2934 condimentis
981 2874 1188 2950 interponitur.
1208 2873 1215 2885 “

144 2961 195 3015 164
205 2954 368 3016 inflationes
398 2964 427 3014 et
451 2956 573 3014 tormina
603 2953 733 3031 discutit,
763 2955 859 3014 urinas
885 2965 914 3015 ct
941 2965 1085 3016 menstrua
1114 2957 1189 3031 ciet,

187 3038 357 3116 suggillata,
386 3038 536 3100 oculorum
564 3038 721 3116 epiphoras
746 3039 873 3115 mitigat,
908 3057 971 3100 curn
997 3039 1046 3098 lini
1073 3042 1190 3100 semime
1245 3093 1246 3106 ,

97 3151 99 3164 ·
186 3124 371 3202 scorpionum
391 3125 465 3183 ictus
486 3123 515 3182 in
538 3123 605 3182 nino
626 3131 725 3200 potum
743 3121 884 3182 drachmis
906 3122 1017 3183 duabus
1036 3123 1189 3200 privatim-

186 3222 242 3282 que
260 3215 436 3267 cerastarum
452 3219 516 3266 cnm
532 3205 595 3283 pari
610 3206 743 3284 portione
758 3223 879 3266 murrae.
918 3206 1047 3267 colorem
1063 3224 1189 3285 quoque
1200 3218 1226 3259 ³⁵

185 3288 343 3350 bibentium
367 3291 497 3350 similiter
521 3299 609 3349 mutat
633 3291 662 3348 in
689 3288 841 3366 pallorem.
885 3289 1009 3350 suillium
1037 3307 1099 3350 cum
1126 3309 1190 3350 uva

185 3387 273 3449 passa
297 3383 344 3434 aut
367 3374 462 3448 resina
478 3374 594 3434 volvam
610 3380 724 3452 purgat.
759 3372 872 3434 tradunt
887 3373 1000 3435 facilius
1022 3375 1192 3453 concipere

186 3470 238 3514 eas
254 3472 327 3533 quae
343 3456 499 3518 odorentur
512 3457 541 3518 id
557 3475 612 3536 per
627 3457 741 3519 coitum.
