2534 3866
199 191 238 262 38
536 209 567 258 0.
583 209 678 258 amru
694 206 841 262 00001101

155 373 206 432 007
217 365 295 426 viris.
327 363 363 424 de
381 369 480 424 cetero
495 361 644 441 plerisque
661 377 777 437 eorum,
793 361 844 422 sed
859 361 957 440 utique
970 361 1084 438 robori,
1105 370 1184 422 tauta

198 449 300 510 duritia
314 455 345 506 ut
360 446 501 506 terebrari
517 446 571 505 nisi
584 444 774 504 ascetarum
788 461 844 504 non
859 454 945 523 queat
960 454 989 506 01
1008 463 1045 504 00
1063 445 1107 504 sio
1123 445 1183 523 qui-

96 563 101 574 ·
198 533 263 593 dem
291 529 408 590 adactus
430 529 518 590 avelli
544 528 654 588 claros.
699 546 716 588 e
742 528 858 590 diverso
883 528 994 588 clavom
1021 537 1184 588 00010001

199 614 313 676 cedrus.
342 611 511 673 lllollissima
524 611 594 671 tilia.
629 610 731 670 eadem
745 610 858 672 videtur
879 620 909 672 et
929 612 1109 673 calidissima.
1140 629 1184 672 ar·

198 706 362 777 gumentun
382 696 514 758 adierunt
534 693 610 773 quod
633 693 770 755 citissime
793 696 888 756 ascias
904 695 1044 756 retundat.
1073 694 1207 756 calidaet

199 791 230 844 01
243 799 353 855 morus,
371 779 478 853 laurus,
494 777 602 840 hedera
615 787 647 838 et
658 791 758 838 omues
772 796 789 838 e
803 778 907 857 quihus
924 780 1043 856 igniaria
1060 778 1138 838 liunt

156 875 209 932 000
280 865 363 944 (77.)
400 860 622 941 Exploratorum
643 861 700 922 hoc
719 879 788 923 usus
811 863 839 922 iu
860 863 961 922 castris
980 871 1186 940 pastorumque

198 948 324 1028 reperit,
342 946 473 1025 quoniam
492 945 529 1006 ad
544 945 743 1006 excudendum
758 946 854 1023 iguem
873 961 931 1003 aon
950 963 1065 1024 semper
1082 945 1187 1024 lapidis

200 1031 320 1092 occasio
342 1039 396 1088 est.
436 1029 539 1088 teritur
559 1045 631 1106 ergo
654 1029 760 1108 lignum
786 1030 864 1106 ligno
885 1029 1038 1106 ignemque
1061 1030 1188 1108 concipit

200 1116 315 1188 attritu,
338 1112 503 1190 excipiente
517 1113 634 1173 materia
649 1112 720 1175 aridi
734 1111 856 1188 fomitis,
882 1111 962 1189 iungi
983 1112 1029 1172 vel
1051 1111 1186 1173 loliorum
1196 1128 1219 1170 ro

199 1197 339 1259 facillimo
350 1203 503 1274 conceptu.
533 1196 586 1256 sed
601 1195 670 1256 uilril
685 1195 793 1256 hedera
812 1196 1002 1274 praestantius
1015 1213 1090 1274 quae
1109 1204 1187 1256 tera-

199 1290 255 1354 tur,
273 1280 354 1342 laturo
369 1296 443 1357 quae
457 1288 541 1340 terat.
583 1279 721 1359 probatur
737 1286 767 1337 et
784 1278 849 1340 vitis
864 1279 1007 1338 silvestria
1025 1279 1081 1338 alia
1103 1296 1188 1357 quam

157 1373 209 1430 000
222 1362 367 1439 labrusca,
382 1373 411 1422 et
425 1363 488 1443 ipsa
498 1363 624 1424 hederae
636 1362 722 1432 modo
732 1360 866 1422 arborem
877 1361 1028 1422 scandens.
1050 1361 1187 1440 Frigidio-

201 1449 271 1506 sima
286 1463 484 1525 quaecumque
496 1447 643 1526 aquatica,
667 1445 822 1506 lentissima
844 1455 939 1504 autem
960 1454 997 1506 et
1010 1445 1076 1506 ideo
1097 1446 1188 1508 scutis

200 1530 339 1590 iaciendis
352 1531 497 1610 aptissima
509 1546 629 1610 quorum
644 1529 728 1608 plaga
745 1528 886 1589 coumahit
898 1545 931 1588 se
942 1530 1072 1607 protinus
1085 1528 1218 1590 cludit-15

201 1632 257 1692 que
274 1631 356 1676 suum
375 1614 477 1676 uolnus
499 1622 528 1673 et
547 1613 583 1674 oh
599 1613 627 1673 id
650 1613 844 1672 contumacius
863 1612 991 1678 tramittit
1010 1611 1135 1688 ferrum,
1159 1613 1188 1672 iu

201 1714 258 1776 quo
274 1707 338 1758 suut
352 1715 462 1775 genere
479 1697 542 1774 lici,
557 1696 647 1770 salix,
668 1695 744 1770 tilia,
759 1693 886 1771 betulla,
901 1695 1041 1772 sabucus,
1061 1695 1188 1774 populus

200 1791 331 1861 utraque.
360 1782 505 1842 levissima
519 1799 556 1840 ex
570 1779 613 1840 lris
631 1779 702 1837 licus
723 1787 752 1838 et
771 1779 845 1838 salix
865 1780 990 1858 ideoque
1007 1779 1186 1839 utilissimae.
1254 1815 1255 1822 .

202 1881 301 1926 omnes
319 1873 412 1924 auteru
429 1864 463 1923 ad
480 1864 566 1922 cistas
578 1877 709 1942 quaeque
721 1862 810 1924 llexili
822 1871 901 1924 crate
914 1870 1054 1924 00001001.
1080 1861 1189 1922 habeut
1254 1829 1255 1913 l

158 1957 252 2012 01001
271 1946 425 2007 eandorem
445 1947 632 2024 rigoremque
656 1953 686 2004 et
705 1945 733 2004 iu
753 1946 908 2026 sculpturis
928 1946 1104 2007 facilitatem.
1135 1945 1219 2006 llatae

201 2029 308 2090 lentitia
335 2027 467 2106 platano,
494 2027 547 2088 s'ed
571 2028 699 2105 madida,
730 2030 806 2096 siout¹
834 2030 910 2090 aluo.
950 2031 1076 2110 siccior,
1085 2029 1189 2092 eadem
1253 2079 1254 2090 ,

200 2111 294 2187 ulmo,
322 2110 450 2187 fraxino,
477 2127 575 2187 moro,
597 2129 719 2188 ceraso,
745 2113 797 2174 sed
818 2113 1020 2191 ponderosior.
1059 2113 1189 2190 rigorem
1253 2091 1254 2175 l

201 2195 356 2256 fortissime
380 2204 477 2255 servat
496 2195 605 2271 ulmus,
629 2197 666 2256 ob
689 2196 718 2256 id
740 2197 900 2257 cardinibus
926 2196 1189 2276 crassamentisque

200 2288 346 2358 portarum
361 2279 524 2355 utilissima,
542 2280 673 2357 quoniam
684 2280 804 2338 minume
818 2285 983 2355 torquetur,
1000 2279 1189 2353 permutanda

200 2372 306 2424 tantum
317 2363 361 2422 sic
371 2371 401 2422 ut
413 2381 548 2423 cacumen
562 2362 596 2421 ab
608 2362 745 2420 inferiore
759 2361 795 2418 sit
807 2360 933 2433 cardine,
947 2359 1029 2420 radix
1040 2363 1187 2438 superior.
1196 2384 1218 2423 0
1252 2359 1253 2437 l

159 2456 208 2510 011
221 2444 320 2504 Palma
337 2444 436 2503 similis
455 2452 499 2502 est
519 2443 650 2518 suberis,
671 2443 784 2521 spissae
805 2452 834 2502 et
854 2443 944 2502 malus
958 2444 1113 2522 pirusque,
1130 2463 1188 2506 nee

201 2544 258 2586 nou
278 2543 363 2601 acer,
385 2526 437 2586 sed
457 2525 577 2600 fragile,
603 2535 631 2585 et
648 2543 845 2604 quaecumque
865 2529 972 2606 crispa.
1002 2525 1034 2586 lu
1054 2529 1187 2589 omuibus

202 2609 345 2670 silvestria
365 2617 394 2672 01
415 2607 542 2668 mascula
564 2608 751 2668 differentiam
773 2611 911 2689 cuiusque
930 2612 1047 2688 generis
1066 2621 1187 2688 augent.
1251 2619 1252 2699 1

202 2699 231 2752 01
251 2691 401 2752 infecunda
422 2692 545 2752 firmiora
572 2689 733 2767 fertilibus,
758 2692 812 2750 uisi
831 2710 889 2771 quo
909 2694 937 2753 in
956 2711 1065 2772 genere
1089 2711 1190 2755 mares·

201 2774 306 2849 lerunt,
324 2775 398 2834 sicut
415 2791 571 2852 cupressus
586 2782 615 2833 et
629 2789 743 2834 cornus.
1142 2795 1148 2808 ·
1194 2793 1218 2834 00
1250 2831 1251 2852 2

114 2892 121 2914 s
159 2868 233 2924 010,
283 2854 365 2937 (78.)
400 2856 511 2919 Gariem
539 2865 767 2936 vetustatemque
788 2873 847 2916 000
871 2859 995 2918 sentiunt
1016 2875 1185 2937 cupressus,

203 2941 322 3016 cedrus,
344 2941 490 3017 lreherrus,
512 2941 606 3015 lotos,
627 2939 736 3014 hirnus,
758 2948 859 3014 taxus,
879 2941 1029 3020 iunipirus,
1046 2941 1185 3016 oleaster,

202 3025 283 3102 olea,
305 3042 343 3086 ex
361 3024 481 3103 reliquis
495 3024 654 3085 tardissime
675 3023 763 3097 larix,
785 3022 889 3098 robur,
912 3024 1014 3098 suber,
1036 3033 1185 3100 castanea,
1249 3067 1250 3090 1

177 3172 181 3179 ,
201 3110 322 3194 iuglaos.
350 3110 447 3169 rimaru
458 3108 644 3187 fissuramque
656 3123 712 3166 non
726 3106 804 3184 capit
818 3116 920 3186 sponte
935 3106 1049 3183 cedrus,
1064 3125 1183 3187 cuprea·

202 3209 260 3270 sus,
269 3191 355 3265 olea,
372 3190 486 3250 buxum.
1192 3203 1215 3244 aa

159 3284 212 3338 013
281 3276 364 3352 (79.)
387 3273 518 3334 Maxume
533 3281 677 3333 aeternam
691 3281 788 3352 putant
802 3270 953 3346 lichenum,
970 3281 999 3332 01
1014 3291 1184 3353 cupressum
1248 3271 1249 3284 ¹

202 3353 391 3436 cedrumque,
417 3357 498 3420 claro
521 3356 558 3416 de
585 3357 714 3417 omuibus
739 3355 864 3415 materiis
889 3354 994 3415 iudicio
1019 3358 1046 3416 iu
1072 3357 1183 3434 templo

201 3437 345 3519 Ephesiae
361 3440 486 3518 1110000,
508 3449 608 3520 utpote
626 3457 689 3500 cum
710 3447 769 3500 tota
786 3436 855 3500 Asia
870 3447 1033 3512 exstruente
1048 3439 1183 3519 quadrin-
