2538 3864
310 207 391 253 usu.
407 205 498 256 rursu.
512 205 600 256 aaut.
616 201 720 258 r-s-ra.
737 193 872 271 (tt—14.)
1031 195 1094 260 trs·

97 362 181 437 tium,
203 361 311 426 coloris
325 358 413 426 buuei
425 359 529 426 uaros
544 376 628 439 queas
644 361 743 436 uiam,
765 377 898 438 quasque
917 361 994 426 lenta
1010 379 1093 440 quam

97 463 172 522 quae
186 443 308 521 fragilis.
332 461 400 502 usus
415 444 443 502 iu
458 443 580 503 subditis
594 443 735 504 decoctae
753 443 789 507 nd
804 446 921 521 tertiae,
943 452 1043 508 cetero
1058 446 1093 507 ad

95 529 190 592 mellis
216 526 450 605 mutitudinem,
475 527 628 605 uliqumdo
655 535 685 588 et
710 535 827 604 tunsae,
850 544 908 608 quo
932 545 1042 606 genere
1065 539 1093 589 et

95 610 263 676 volneribus
278 611 423 690 inponitur
437 620 467 676 ct
481 611 604 677 trucium
617 611 695 674 uitiis
708 611 854 689 amnibus,
876 613 944 674 iteru
958 612 1025 671 roci
1041 615 1093 674 uti-

72 695 206 756 clisaiusc
221 711 294 760 suco
314 695 357 760 tic
371 703 403 757 ut.
422 695 565 773 spissatus
586 703 631 758 snt
651 694 768 772 liuguae
788 693 922 771 subdito,
947 695 1016 758 item
1029 696 1092 758 thc-

93 780 170 854 ruci‚
192 779 322 843 iocineri.
357 777 415 844 bac
433 779 559 846 brucus
580 779 656 842 sitim
681 777 845 857 funemque
865 779 971 842 wdari.
1007 779 1046 840 ob
1061 780 1090 842 id
1101 792 1135 846 ab

94 860 207 940 quidam
221 861 344 940 adipson
358 862 548 941 appellavere
563 880 627 926 eam
642 869 671 922 et
685 861 852 944 hydropicis
865 862 985 937 dedere,
1008 881 1045 924 ue
1060 862 1088 914 l¹·
1099 863 1135 898 ²⁸⁴

93 946 213 1010 statur.
251 945 318 1011 ideo
344 955 373 1008 et
396 946 620 1010 oouuuutucaru
645 947 795 1010 stomatice
822 956 868 1010 est
891 956 923 1012 et
946 946 1094 1010 ulceribus

93 1031 153 1090 oris
175 1032 308 1108 inspersa
326 1047 417 1108 saepe
433 1040 463 1093 et
476 1031 627 1110 pterygiis
656 1039 738 1092 sanat
763 1039 793 1092 et
818 1031 934 1094 vesicae
954 1030 1094 1108 scabiem,

59 1115 203 1178 sumniam
229 1113 365 1192 dolores,
397 1114 614 1190 condylomata,
643 1113 742 1178 ulcera
774 1114 950 1191 genitalium.
983 1115 1093 1181 dedere

94 1215 157 1260 eam
172 1197 286 1275 qudam
299 1198 379 1278 potui
394 1199 422 1260 iu
443 1198 589 1276 quartanis
606 1196 804 1262 drachmarum
824 1198 941 1262 duarum
962 1201 1093 1276 pondere

93 1299 130 1342 ex
146 1283 266 1360 pipere,
288 1281 403 1346 hemina
418 1299 521 1360 aquae.
554 1281 779 1346 conmanducata
794 1283 963 1358 sauguinem
980 1300 1017 1342 nx
1031 1284 1093 1344 vol-

92 1382 163 1426 uere
178 1365 262 1426 slsdt.
294 1373 360 1430 suut
377 1365 469 1443 etqui
485 1365 616 1429 calculos
633 1364 753 1442 capelli
769 1364 957 1428 tradiderunt.

155 1451 203 1512 lo.
225 1447 311 1527 (12.)
336 1448 445 1512 tubuli
461 1465 545 1510 uuum
559 1467 653 1526 genus
666 1449 695 1508 iu
709 1448 800 1510 hortis
816 1450 955 1526 uescitur,
973 1447 1135 1515 alterumtt

59 1541 85 1582 1⁵
94 1533 123 1592 in
146 1530 306 1593 homiuibus
330 1541 447 1596 tantum.
479 1551 565 1595 sucus
592 1550 630 1594 ex
652 1532 697 1596 bis
722 1533 869 1608 colligitur
885 1533 920 1592 ad
944 1532 1094 1596 oculorum

93 1612 271 1687 medicinas,
294 1621 339 1674 cst
356 1617 431 1676 euius
448 1615 649 1690 refrigerantis
667 1623 785 1680 murae
801 1623 831 1674 et
850 1615 917 1680 ideo
933 1616 1010 1676 utilis
1025 1635 1093 1678 cou-

94 1707 141 1758 tra
158 1695 394 1760 inbaumctouss
411 1696 669 1775 collectionesque.
703 1697 803 1760 ulcera
818 1715 871 1776 per
892 1716 925 1760 sa
943 1717 1093 1778 erumpen-

93 1784 133 1842 tia
149 1789 178 1840 et
195 1779 353 1858 praecipue
368 1781 397 1840 iu
412 1797 464 1840 ore
482 1799 546 1846 aaa
559 1779 759 1856 cerussata,
782 1782 850 1844 iren
866 1782 1007 1846 tonsillas.
1040 1802 1092 1862 po·

93 1875 141 1926 tus
158 1862 289 1929 calculos
301 1863 416 1941 bugu.
447 1862 574 1930 Thraces
593 1865 641 1942 qui
656 1864 691 1928 ad
703 1865 855 1940 &armona
872 1864 999 1928 habitant
1013 1867 1092 1928 loliis

57 1947 193 2012 attribuit
210 1963 305 2024 equos
329 1948 477 2024 saginata,
504 1949 560 2026 ipsi
585 1946 690 2008 uucleo
704 1948 803 2011 vivont
828 1965 930 2029 pareas
951 1949 1093 2012 iacientes

96 2031 284 2111 praedulcem
300 2040 330 2096 el
349 2032 398 2109 qui
418 2031 568 2096 contrahat
584 2040 723 2092 ventrem.
758 2033 840 2094 radix
861 2042 942 2097 casta
961 2053 1092 2115 pureque

95 2116 223 2182 collecta
238 2115 353 2178 discutit
375 2124 514 2191 structas,
549 2132 648 2179 seuseu
669 2115 853 2194 adalligatum
868 2118 995 2178 varicum
1009 2119 1091 2180 dolo·

95 2218 144 2260 res
158 2199 260 2274 sedat,
280 2200 376 2262 tritum
390 2217 463 2264 vero
478 2200 506 2260 iu
523 2215 625 2277 aquarn
642 2217 772 2276 sparsum
786 2200 899 2277 pulices
913 2209 1007 2262 necat.

160 2285 206 2346 11.
232 2279 314 2364 (13.)
337 2283 464 2359 stoebe,
490 2300 573 2362 quara
595 2281 682 2360 aliqui
707 2284 804 2362 pheos
823 2293 944 2360 uocant,
967 2285 1136 2352 decoctaaa

56 2370 124 2428 stis
149 2369 216 2428 vico
242 2368 400 2446 praecipue
423 2366 539 2454 auu-‚ibus
567 2365 725 2446 purulentis
751 2366 898 2447 modeim,
930 2369 1006 2430 item*
1024 2387 1091 2430 ocu·

95 2451 132 2512 lis
162 2453 219 2514 ictu
253 2451 424 2529 cruentatis,
456 2449 693 2528 haemorrhagiae
717 2467 832 2530 quoque
863 2459 894 2511 et
917 2452 1093 2528 dysinteriae

95 2535 198 2598 inlusa.

162 2617 210 2680 12.
232 2618 318 2696 (tt.)
341 2616 529 2697 llippcphuea
550 2619 580 2678 iu
600 2618 744 2682 sabulosis
769 2619 973 2698 maritimisque
995 2621 1135 2682 nasci-29

96 2713 158 2779 tur,
180 2702 269 2780 spinis
285 2700 367 2762 albis.
390 2702 517 2766 hederae
532 2701 618 2764 ruodo
634 2718 785 2764 racemosa
803 2710 863 2778 est,
888 2703 1032 2780 candidis,
1055 2719 1092 2764 ex

60 2796 182 2867 superte
207 2784 374 2850 rubentibus
399 2787 498 2850 acinis.
541 2783 624 2848 radia
648 2801 720 2846 suco
736 2784 834 2848 madet
849 2786 897 2863 qui
918 2794 966 2846 aut
991 2805 1092 2865 perse

98 2869 230 2934 conditur
245 2877 292 2932 aut
314 2869 435 2947 pastillis
451 2869 561 2932 farinae
577 2869 646 2932 ervi.
677 2868 764 2931 bitena
777 2867 902 2930 detrahit
916 2868 1005 2930 obolo
1022 2885 1091 2948 pon·

98 2956 191 3027 deris,
218 2951 407 3019 saluberrime
429 2971 492 3016 caus
512 2951 615 3014 mulso.
644 2949 810 3012 Est'altera
832 2952 1015 3032 hippophaes
1030 2954 1093 3013 siue
1160 2945 1165 2960 ’

100 3038 199 3112 caule,
223 3038 286 3100 siae
300 3035 390 3112 bure,
410 3036 488 3100 loliis
503 3045 608 3101 tautum
623 3036 746 3099 minuas.
777 3035 860 3098 huius
876 3053 990 3114 quoque
1007 3053 1092 3096 sucus

99 3122 265 3199 hydropicis
292 3120 363 3186 nire
395 3120 523 3198 prodest.
564 3118 681 3182 Debent
709 3119 942 3180 adcommodatae
969 3137 1037 3179 esse
1062 3129 1137 3185 etto

60 3216 239 3284 ttequcruru
264 3213 396 3280 naturae,
427 3221 521 3281 neque
550 3222 590 3266 ex
612 3203 669 3264 alia
686 3221 772 3265 causa
800 3220 904 3264 nomeu
928 3205 1091 3282 accepisse.

100 3293 208 3372 quippe
220 3287 362 3366 quaedam
376 3287 534 3352 animalium
552 3286 689 3350 remediis
701 3295 855 3350 nascuntur
869 3287 1007 3366 locupleti
1022 3288 1091 3350 divi·

100 3377 188 3436 nitate
209 3372 245 3432 ad
266 3373 432 3448 generanda
452 3372 612 3450 praesidia,
632 3380 663 3430 ut
681 3387 739 3432 uon
754 3372 790 3430 sit
807 3371 900 3431 mirari
923 3371 991 3432 satis
1013 3373 1091 3450 iuge-

102 3462 177 3520 uiuus
191 3458 254 3518 eius
268 3457 445 3536 disponentis
468 3455 573 3517 auxilia
595 3455 764 3532 ingerere,
785 3455 950 3530 incensas,
972 3456 1000 3514 iu
1022 3464 1092 3515 teru-
