2512 3858
204 199 243 264 18
547 209 685 261 aranu
700 208 850 260 secunus

162 385 213 430 aaa
225 375 285 443 est,
307 383 418 445 eosque
433 366 462 426 ln
475 381 575 426 umore
586 364 716 425 utiliores
732 381 809 423 esse.
842 371 873 422 ει
888 363 963 442 apud
979 381 1033 424 uos
1048 363 1111 424 lere
1127 363 1185 442 pal·

203 453 256 512 mis
271 468 287 511 a
301 467 397 511 messe
412 451 615 530 decerpuntur.
643 448 734 508 exhia
745 446 864 508 meliora
880 464 954 524 quac
968 465 1036 507 sese
1048 465 1106 507 non
1117 447 1185 508 divi·
1242 477 1243 538 q

203 535 300 595 serint.
344 537 487 594 siccantur
512 531 565 591 sub
586 540 666 590 tecto
685 530 829 610 quaternis
851 529 970 607 diebus,
991 549 1059 591 mon
1077 533 1105 590 in
1125 529 1186 590 sole

203 617 401 697 expanduntur
417 626 446 676 et
462 614 593 675 noctibus
613 613 731 689 relicta,
753 612 848 674 donec
869 615 994 674 candore
1016 615 1186 688 inarescant,

202 711 306 781 postea
320 702 349 761 ia
364 716 454 779 opera
469 698 618 757 finduntur.
1196 715 1206 754 a
1242 717 1243 778 3

160 791 196 846 90
266 783 349 863 (38.)
376 783 521 842 Latissima
536 779 603 854 lico,
618 778 679 858 uiti,
700 777 828 854 platano,
845 788 964 856 angusta
979 789 1083 856 myrto,
1107 780 1186 859 puni·
1242 779 1243 786 ’

204 887 267 944 cao,
285 867 379 940 oleae,
395 863 528 942 capillata
541 860 736 941 pino,cedro,
752 861 883 922 aculeata
899 863 1041 939 aquifolio·
1050 873 1079 923 et
1093 864 1188 923 ilicum

202 953 318 1030 generi,
334 983 377 994 -
388 963 453 1006 narn
466 945 593 1026 iunipiris
608 945 689 1022 spina
710 961 763 1023 pro
781 943 852 1002 lolio
869 953 931 1019 est,
946 977 988 989 -
1003 962 1124 1006 carnosa
1139 965 1187 1006 cu·
1242 945 1243 970 ¹

202 1048 322 1114 presso,
338 1029 481 1102 tamarici,
506 1028 683 1090 crassissima
701 1026 783 1104 alno,
805 1027 891 1104 longa
908 1027 1071 1104 harundini,
1094 1029 1188 1103 salici,

203 1116 314 1196 palmae
330 1121 359 1173 et
372 1111 507 1192 duplicia,
530 1113 665 1172 circinata
679 1111 754 1188 piro,
769 1119 933 1172 mucronata
947 1110 1032 1186 malo,
1049 1111 1218 1187 angulosum

202 1197 338 1270 hederae,
352 1195 442 1255 divisa
457 1195 584 1273 platano,
592 1196 702 1254 insecta
712 1195 857 1272 pectinum
867 1195 951 1254 modo
963 1196 1077 1273 piceae,
1090 1193 1188 1269 abieti,

160 1291 192 1344 91
202 1283 316 1339 sinuosa
331 1287 393 1338 toto
404 1277 509 1338 ambitu
521 1277 630 1353 robori,
645 1277 763 1356 spinosa
779 1286 843 1336 cute
856 1277 939 1337 ruho.
965 1278 1109 1338 mordacia
1123 1285 1190 1337 sunt
1242 1319 1243 1326 ι

193 1361 379 1441 quibusdam,
395 1370 426 1421 nt
440 1362 548 1436 urticis,
566 1362 721 1439 pungentia
736 1362 815 1438 pino,
839 1361 953 1439 piceae,
975 1361 1072 1441 abieti,
1095 1361 1189 1436 larici,

202 1445 306 1520 cedro,
329 1443 485 1522 aqniioliis.
520 1444 655 1523 pediculo
670 1443 754 1504 brevi
770 1444 855 1504 oleae
871 1452 900 1504 et
922 1444 995 1520 ilici,
1020 1445 1108 1522 longo
1125 1445 1188 1503 viti·
1242 1441 1243 1524 l

201 1527 265 1601 bus,
278 1527 400 1587 tremulo
415 1527 542 1607 populis,
558 1535 587 1588 ει
602 1527 702 1586 iisdem
716 1527 787 1587 solis
801 1528 875 1602 inter
886 1543 919 1586 se
930 1529 1106 1606 crepitantia.
1133 1529 1189 1587 iam
1199 1541 1221 1585 rt

202 1619 231 1670 et
247 1611 276 1669 in
292 1628 377 1690 porno
400 1613 464 1690 ipso
487 1611 552 1672 mali
573 1611 695 1691 quodam
712 1612 741 1670 in
762 1628 870 1687 genere
891 1628 979 1689 parva
998 1605 1099 1671 mediis
1118 1612 1188 1670 emi·
1242 1625 1243 1660 ι

202 1703 267 1754 cant
282 1694 367 1770 folia,
391 1695 502 1755 interim
522 1704 550 1754 et
573 1695 696 1772 gemina.
722 1703 875 1772 praeterea
899 1694 962 1755 aliis
985 1696 1061 1754 circa
1079 1711 1189 1768 ramos,
1242 1673 1243 1736 l

159 1777 265 1839 §italiis
279 1788 308 1839 et
321 1780 349 1837 in
363 1780 510 1838 cacumine
525 1793 682 1856 ramorum,
696 1776 796 1836 robori
811 1787 839 1837 et
854 1780 881 1838 in
895 1777 1014 1838 caudice
1029 1779 1101 1856 ipso.
1133 1779 1190 1837 iant

202 1862 291 1922 densa
307 1879 341 1921 aa
354 1879 419 1920 rara
433 1877 605 1938 semperque
618 1859 676 1919 lata
689 1861 808 1920 rariora.
841 1862 982 1939 disposita
993 1870 1100 1936 myrto,
1118 1877 1190 1920 con·
1242 1877 1243 1946 p

141 1941 145 1952 '
203 1961 272 2004 cara
287 1945 375 2018 buxo,
392 1943 549 2002 inordinata
564 1945 667 2021 pomis,
690 1941 772 2022 plura
788 1944 890 2005 eodem
904 1944 1038 2023 pediculo
1054 1945 1223 2003 exeuntium
1242 1957 1243 2004 l

166 2047 170 2054 ι
201 2026 282 2085 malis
293 2027 442 2104 pirisque,
459 2026 603 2086 ramulosa
619 2027 694 2087 ulrno
710 2037 739 2086 et
755 2030 857 2102 cytiso.
898 2028 999 2106 quibus
1013 2027 1098 2086 adicit
1115 2025 1192 2086 Cato
1242 2019 1243 2090 l

205 2109 325 2169 decidua
339 2110 474 2188 apopulo
484 2128 659 2188 quernaque,
674 2109 840 2170 animalibus
852 2110 952 2172 iubens
965 2110 1025 2168 dari
1038 2125 1192 2186 nonpera·
1242 2113 1243 2124 ¹

201 2191 273 2267 rida,
288 2192 381 2252 bubus
396 2194 508 2271 quidem
521 2202 550 2253 et
562 2193 684 2253 ficulnea
696 2193 840 2271 ilignaque
853 2191 882 2253 et
891 2193 1063 2252 hederacea·
1086 2191 1193 2252 dantur

203 2283 231 2335 ct
249 2294 285 2336 ex
300 2275 455 2336 harundine
471 2294 505 2336 ac
525 2277 615 2336 lauro.
649 2276 781 2336 decidunt
800 2275 887 2334 sorbo
908 2275 1057 2349 universa,
1078 2276 1193 2336 ceteris

202 2359 346 2437 paulatim.
376 2358 412 2418 Et
428 2361 464 2419 de
480 2358 557 2416 loliis
572 2359 719 2416 hacteuus.
1202 2373 1225 2413 aa

160 2449 195 2501 93
263 2440 312 2499 25.
336 2439 419 2518 (39.)
451 2439 529 2500 Ordo
544 2448 637 2499 autem
650 2448 767 2498 naturae
780 2456 887 2500 annuus
903 2440 942 2498 ita
957 2457 990 2502 se
1005 2438 1108 2500 habet:
1132 2444 1194 2522 priv

202 2539 263 2580 mus
284 2531 328 2581 est
351 2531 508 2600 conceptus
530 2522 600 2582 dare
622 2523 777 2601 incipiente
799 2531 885 2606 vento
907 2523 1039 2603 favonio,
1063 2541 1100 2582 cx
1115 2543 1146 2584 a.
1163 2527 1192 2586 d.

201 2605 265 2664 iere
285 2618 331 2664 vr.
346 2605 408 2664 idus
424 2604 572 2665 Februari.
604 2605 661 2666 hoc
680 2606 844 2666 maritantur
861 2607 1039 2667 vivescentia
1059 2624 1075 2665 e
1096 2615 1193 2683 terra,

160 2690 328 2766 emcquippe
343 2704 405 2747 cum
420 2690 505 2748 etlam
525 2704 618 2765 equae
640 2689 667 2747 in
686 2687 837 2766 llispania,
859 2698 890 2749 nt
909 2689 1038 2750 diximus.
1073 2689 1122 2749 hic
1147 2702 1196 2752 est

202 2771 334 2850 genitalis
350 2773 465 2850 spiritus
481 2772 575 2833 mundi
589 2789 605 2832 a
617 2770 743 2831 fovendo
759 2772 862 2847 dictus,
878 2781 908 2830 ut
920 2773 1032 2850 quidam
1042 2775 1194 2834 existima·
1204 2785 1228 2828 ao

56 2910 61 2919 r
162 2864 282 2920 bevere.
312 2853 361 2914 lat
374 2856 409 2916 ab
425 2871 531 2916 occasu
547 2855 748 2933 aequinoctiali
762 2871 815 2914 ver
829 2855 977 2915 inchoans.
1011 2855 1196 2919 catlitionem
1242 2895 1243 2926 r

201 2938 300 3000 rustici
313 2947 435 3014 vocant,
456 2938 599 3016 gestiente
617 2947 715 2998 natura
735 2939 842 2996 semina
861 2939 997 3016 accipere
1017 2953 1111 3017 eaque
1130 2943 1194 3000 ani·
1242 2927 1243 3008 l

202 3039 275 3084 mam
287 3020 428 3083 inferente
442 3021 572 3080 omnihus
586 3021 664 3081 satis.
695 3021 858 3098 concipiunt
872 3023 959 3081 variis
971 3022 1073 3082 diebus
1087 3031 1118 3082 et
1134 3041 1195 3104 pro

202 3122 254 3165 sua
269 3121 399 3182 quaeque
421 3113 535 3178 natura,
559 3102 614 3163 alia
631 3104 774 3182 protinus,
796 3113 826 3164 ut
841 3105 986 3176 animalia,
1009 3105 1118 3164 tardius
1138 3108 1195 3168 ali·

204 3205 258 3266 qua
271 3197 302 3247 et
314 3186 417 3247 diutius
435 3186 554 3264 gravida
571 3196 669 3265 partus
688 3196 807 3262 gerunt,
828 3187 905 3264 qnod
929 3188 1097 3262 germinatio
1116 3191 1231 3252 ldeoas

202 3280 329 3330 vocatur.
350 3271 461 3347 pariunt
476 3285 556 3346 uero,
569 3287 632 3329 curn
646 3269 759 3344 dorent,
775 3270 887 3346 llosqne
901 3269 950 3328 ille
965 3271 1057 3348 ruptis
1072 3284 1198 3335 constat

202 3353 345 3496 ptriculis,
364 3353 494 3414 educatio
510 3354 537 3412 in
554 3368 641 3432 pomo
655 3361 708 3411 est.
737 3352 793 3412 hoc
807 3360 835 3412 et
855 3353 1022 3427 germinatio
1039 3351 1125 3413 labor
1145 3374 1195 3418 ar·

223 3453 312 3496 orum.
976 3461 980 3464 ·

1221 3703 1227 3718 ι
