<?xml version="1.0" encoding="UTF-8"?>
<!DOCTYPE html PUBLIC "-//W3C//DTD XHTML 1.0 Transitional//EN"
    "http://www.w3.org/TR/xhtml1/DTD/xhtml1-transitional.dtd">
<html xmlns="http://www.w3.org/1999/xhtml" xml:lang="en" lang="en">
 <head>
  <title>
</title>
<meta http-equiv="Content-Type" content="text/html;charset=utf-8" />
  <meta name='ocr-system' content='tesseract 3.04.00' />
  <meta name='ocr-capabilities' content='ocr_page ocr_carea ocr_par ocr_line ocrx_word'/>
</head>
<body>
  <div class='ocr_page' id='page_1' title='image "./cplinisecundina23plingoog_0120.png"; bbox 0 0 2534 3866; ppageno 0'>
   <div class='ocr_carea' id='block_1_1' title="bbox 292 139 1086 260">
    <p class='ocr_par' dir='ltr' id='par_1_1' title="bbox 292 139 1086 260">
     <span class='ocr_line' id='line_1_1' title="bbox 292 139 1086 260; baseline 0.008 -26"><span class='ocrx_word' id='word_1_1' title='bbox 292 186 372 234; x_wconf 77' lang='lat' dir='ltr'><strong>nnc.</strong></span> <span class='ocrx_word' id='word_1_2' title='bbox 394 185 484 236; x_wconf 76' lang='lat' dir='ltr'><strong>rursu.</strong></span> <span class='ocrx_word' id='word_1_3' title='bbox 504 187 588 238; x_wconf 87' lang='lat' dir='ltr'><strong>xvn.</strong></span> <span class='ocrx_word' id='word_1_4' title='bbox 612 182 730 238; x_wconf 74' lang='grc' dir='ltr'><strong>ιι-ιι.</strong></span> <span class='ocrx_word' id='word_1_5' title='bbox 754 172 901 260; x_wconf 74' lang='lat' dir='ltr'><strong>(ua-as.)</strong></span> <span class='ocrx_word' id='word_1_6' title='bbox 1002 139 1009 144; x_wconf 33' lang='grc'><strong>’</strong></span> <span class='ocrx_word' id='word_1_7' title='bbox 1048 145 1086 240; x_wconf 67' lang='grc'><strong>63</strong></span> 
     </span>
    </p>
   </div>
   <div class='ocr_carea' id='block_1_2' title="bbox 12 293 1188 604">
    <p class='ocr_par' dir='ltr' id='par_1_2' title="bbox 12 293 1188 676">
     <span class='ocr_line' id='line_1_2' title="bbox 12 293 1085 417; baseline 0.004 -17"><span class='ocrx_word' id='word_1_8' title='bbox 12 319 14 414; x_wconf 74' lang='lat' dir='ltr'><strong>l</strong></span> <span class='ocrx_word' id='word_1_9' title='bbox 41 369 45 376; x_wconf 93' lang='lat'>·</span> <span class='ocrx_word' id='word_1_10' title='bbox 95 341 181 400; x_wconf 89' lang='lat' dir='ltr'><strong>cibus</strong></span> <span class='ocrx_word' id='word_1_11' title='bbox 196 341 271 399; x_wconf 90' lang='lat' dir='ltr'><strong>inter</strong></span> <span class='ocrx_word' id='word_1_12' title='bbox 285 356 370 417; x_wconf 89' lang='lat' dir='ltr'><strong>poma</strong></span> <span class='ocrx_word' id='word_1_13' title='bbox 385 341 447 417; x_wconf 89' lang='lat' dir='ltr'><strong>ipsa</strong></span> <span class='ocrx_word' id='word_1_14' title='bbox 463 350 492 401; x_wconf 88' lang='lat' dir='ltr'><strong>et</strong></span> <span class='ocrx_word' id='word_1_15' title='bbox 508 293 655 400; x_wconf 68' lang='lat' dir='ltr'><strong>cacumirla</strong></span> <span class='ocrx_word' id='word_1_16' title='bbox 670 373 712 386; x_wconf 77' lang='lat'><em>-</em></span> <span class='ocrx_word' id='word_1_17' title='bbox 725 342 753 401; x_wconf 94' lang='lat' dir='ltr'><strong>in</strong></span> <span class='ocrx_word' id='word_1_18' title='bbox 765 360 870 402; x_wconf 88' lang='lat' dir='ltr'><strong>summa</strong></span> <span class='ocrx_word' id='word_1_19' title='bbox 884 344 987 405; x_wconf 87' lang='lat' dir='ltr'><strong>etenim</strong></span> <span class='ocrx_word' id='word_1_20' title='bbox 1002 361 1085 404; x_wconf 85' lang='lat' dir='ltr'><strong>cacu-</strong></span> 
     </span>
     <span class='ocr_line' id='line_1_3' title="bbox 94 423 1087 501; baseline 0.006 -18"><span class='ocrx_word' id='word_1_21' title='bbox 94 425 172 484; x_wconf 85' lang='lat' dir='ltr'><strong>mina</strong></span> <span class='ocrx_word' id='word_1_22' title='bbox 188 423 245 482; x_wconf 89' lang='lat' dir='ltr'><strong>hoc</strong></span> <span class='ocrx_word' id='word_1_23' title='bbox 267 423 353 482; x_wconf 91' lang='lat' dir='ltr'><strong>modo</strong></span> <span class='ocrx_word' id='word_1_24' title='bbox 371 432 503 501; x_wconf 85' lang='lat' dir='ltr'><strong>petuntur</strong></span> <span class='ocrx_word' id='word_1_25' title='bbox 524 457 565 470; x_wconf 90' lang='lat'><strong>-·</strong></span> <span class='ocrx_word' id='word_1_26' title='bbox 588 423 687 483; x_wconf 81' lang='lat' dir='ltr'><strong>audaci</strong></span> <span class='ocrx_word' id='word_1_27' title='bbox 708 424 821 500; x_wconf 87' lang='lat' dir='ltr'><strong>ingenio</strong></span> <span class='ocrx_word' id='word_1_28' title='bbox 847 423 977 485; x_wconf 80' lang='lat' dir='ltr'><strong>arborem</strong></span> <span class='ocrx_word' id='word_1_29' title='bbox 1003 429 1087 489; x_wconf 85' lang='lat' dir='ltr'><strong>aliam</strong></span> 
     </span>
     <span class='ocr_line' id='line_1_4' title="bbox 93 505 1188 604; baseline -0.002 -38.138"><span class='ocrx_word' id='word_1_30' title='bbox 93 508 187 604; x_wconf 82' lang='lat' dir='ltr'><strong>longe</strong></span> <span class='ocrx_word' id='word_1_31' title='bbox 204 523 221 564; x_wconf 90' lang='lat' dir='ltr'><strong>a</strong></span> <span class='ocrx_word' id='word_1_32' title='bbox 230 505 342 565; x_wconf 89' lang='lat' dir='ltr'><strong>tellure</strong></span> <span class='ocrx_word' id='word_1_33' title='bbox 356 506 496 582; x_wconf 82' lang='lat' dir='ltr'><strong>faciendi,</strong></span> <span class='ocrx_word' id='word_1_34' title='bbox 519 508 621 567; x_wconf 86' lang='lat' dir='ltr'><strong>eodem</strong></span> <span class='ocrx_word' id='word_1_35' title='bbox 638 525 695 584; x_wconf 92' lang='lat' dir='ltr'><strong>quo</strong></span> <span class='ocrx_word' id='word_1_36' title='bbox 709 525 796 585; x_wconf 90' lang='lat' dir='ltr'><strong>supra</strong></span> <span class='ocrx_word' id='word_1_37' title='bbox 811 506 910 568; x_wconf 86' lang='lat' dir='ltr'><strong>bienni</strong></span> <span class='ocrx_word' id='word_1_38' title='bbox 925 511 1018 587; x_wconf 88' lang='lat' dir='ltr'><strong>spatio</strong></span> <span class='ocrx_word' id='word_1_39' title='bbox 1035 511 1084 571; x_wconf 94' lang='lat' dir='ltr'><strong>ab·</strong></span> <span class='ocrx_word' id='word_1_40' title='bbox 1183 557 1188 564; x_wconf 88' lang='grc'><em>,</em></span> 
     </span>
    </p>
   </div>
   <div class='ocr_carea' id='block_1_3' title="bbox 12 590 1192 2525">
    <p class='ocr_par' dir='ltr' id='par_1_3' title="bbox 12 590 1192 2503">
     <span class='ocr_line' id='line_1_5' title="bbox 94 590 1123 679; baseline 0.004 -29"><span class='ocrx_word' id='word_1_41' title='bbox 94 592 176 650; x_wconf 84' lang='lat' dir='ltr'><strong>scisa</strong></span> <span class='ocrx_word' id='word_1_42' title='bbox 190 590 351 668; x_wconf 83' lang='lat' dir='ltr'><strong>propagine</strong></span> <span class='ocrx_word' id='word_1_43' title='bbox 368 598 397 650; x_wconf 87' lang='lat' dir='ltr'><strong>et</strong></span> <span class='ocrx_word' id='word_1_44' title='bbox 419 607 482 648; x_wconf 90' lang='lat' dir='ltr'><strong>curn</strong></span> <span class='ocrx_word' id='word_1_45' title='bbox 498 590 627 670; x_wconf 85' lang='lat' dir='ltr'><strong>quasillis</strong></span> <span class='ocrx_word' id='word_1_46' title='bbox 650 599 722 650; x_wconf 87' lang='lat' dir='ltr'><strong>sata.</strong></span> <span class='ocrx_word' id='word_1_47' title='bbox 753 591 859 652; x_wconf 87' lang='lat' dir='ltr'><strong>Sabina</strong></span> <span class='ocrx_word' id='word_1_48' title='bbox 874 591 964 652; x_wconf 87' lang='lat' dir='ltr'><strong>herba</strong></span> <span class='ocrx_word' id='word_1_49' title='bbox 980 610 1083 679; x_wconf 88' lang='lat' dir='ltr'><strong>propa·</strong></span> <span class='ocrx_word' id='word_1_50' title='bbox 1120 667 1123 670; x_wconf 21' lang='lat'><em>¹</em></span> 
     </span>
     <span class='ocr_line' id='line_1_6' title="bbox 12 671 1086 753; baseline 0.004 -21"><span class='ocrx_word' id='word_1_51' title='bbox 12 687 13 692; x_wconf 73' lang='grc'>’</span> <span class='ocrx_word' id='word_1_52' title='bbox 73 676 166 752; x_wconf 63' lang='lat' dir='ltr'><strong>rgine</strong></span> <span class='ocrx_word' id='word_1_53' title='bbox 181 673 288 732; x_wconf 90' lang='lat' dir='ltr'><strong>seritur</strong></span> <span class='ocrx_word' id='word_1_54' title='bbox 302 681 331 732; x_wconf 90' lang='lat' dir='ltr'><strong>et</strong></span> <span class='ocrx_word' id='word_1_55' title='bbox 346 672 505 733; x_wconf 82' lang='lat' dir='ltr'><strong>avolsione</strong></span> <span class='ocrx_word' id='word_1_56' title='bbox 533 674 646 734; x_wconf 90' lang='lat' dir='ltr'><strong>tradunt</strong></span> <span class='ocrx_word' id='word_1_57' title='bbox 661 674 745 734; x_wconf 85' lang='lat' dir='ltr'><strong>faece</strong></span> <span class='ocrx_word' id='word_1_58' title='bbox 762 676 820 734; x_wconf 84' lang='lat' dir='ltr'><strong>vini</strong></span> <span class='ocrx_word' id='word_1_59' title='bbox 833 683 911 734; x_wconf 90' lang='lat' dir='ltr'><strong>aute</strong></span> <span class='ocrx_word' id='word_1_60' title='bbox 930 671 1086 753; x_wconf 88' lang='lat' dir='ltr'><strong>parietibus</strong></span> 
     </span>
     <span class='ocr_line' id='line_1_7' title="bbox 94 756 1097 836; baseline 0.001 -19"><span class='ocrx_word' id='word_1_61' title='bbox 94 758 190 817; x_wconf 89' lang='lat' dir='ltr'><strong>latere</strong></span> <span class='ocrx_word' id='word_1_62' title='bbox 212 765 296 815; x_wconf 88' lang='lat' dir='ltr'><strong>tunso</strong></span> <span class='ocrx_word' id='word_1_63' title='bbox 314 756 385 815; x_wconf 86' lang='lat' dir='ltr'><strong>mire</strong></span> <span class='ocrx_word' id='word_1_64' title='bbox 407 757 455 819; x_wconf 88' lang='lat' dir='ltr'><strong>ali.</strong></span> <span class='ocrx_word' id='word_1_65' title='bbox 486 757 587 817; x_wconf 86' lang='lat' dir='ltr'><strong>iisdem</strong></span> <span class='ocrx_word' id='word_1_66' title='bbox 610 757 704 816; x_wconf 88' lang='lat' dir='ltr'><strong>modis</strong></span> <span class='ocrx_word' id='word_1_67' title='bbox 729 759 916 818; x_wconf 84' lang='lat' dir='ltr'><strong>rosmarinum</strong></span> <span class='ocrx_word' id='word_1_68' title='bbox 940 759 1043 818; x_wconf 89' lang='lat' dir='ltr'><strong>seritur</strong></span> <span class='ocrx_word' id='word_1_69' title='bbox 1058 768 1097 836; x_wconf 18' lang='lat' dir='ltr'><strong>etr</strong></span> 
     </span>
     <span class='ocr_line' id='line_1_8' title="bbox 94 840 1087 939; baseline -0.001 -38"><span class='ocrx_word' id='word_1_70' title='bbox 94 856 194 939; x_wconf 79' lang='lat' dir='ltr'><strong>ramo,</strong></span> <span class='ocrx_word' id='word_1_71' title='bbox 218 841 351 918; x_wconf 87' lang='lat' dir='ltr'><strong>quoniam</strong></span> <span class='ocrx_word' id='word_1_72' title='bbox 373 841 466 900; x_wconf 88' lang='lat' dir='ltr'><strong>neutri</strong></span> <span class='ocrx_word' id='word_1_73' title='bbox 485 857 600 919; x_wconf 83' lang='lat' dir='ltr'><strong>semen,</strong></span> <span class='ocrx_word' id='word_1_74' title='bbox 622 840 854 902; x_wconf 86' lang='lat' dir='ltr'><strong>rhododendrum</strong></span> <span class='ocrx_word' id='word_1_75' title='bbox 876 845 1036 920; x_wconf 79' lang='lat' dir='ltr'><strong>propagine</strong></span> <span class='ocrx_word' id='word_1_76' title='bbox 1058 851 1087 901; x_wconf 88' lang='lat' dir='ltr'><strong>et</strong></span> 
     </span>
     <span class='ocr_line' id='line_1_9' title="bbox 96 925 218 984; baseline 0.009 -1"><span class='ocrx_word' id='word_1_77' title='bbox 96 925 218 984; x_wconf 88' lang='lat' dir='ltr'><strong>semine.</strong></span> 
     </span>
     <span class='ocr_line' id='line_1_10' title="bbox 161 1005 1128 1087; baseline 0.006 -20"><span class='ocrx_word' id='word_1_78' title='bbox 161 1008 210 1067; x_wconf 90' lang='grc'><strong>14.</strong></span> <span class='ocrx_word' id='word_1_79' title='bbox 235 1005 318 1086; x_wconf 83' lang='lat'>(22.)</span> <span class='ocrx_word' id='word_1_80' title='bbox 340 1007 455 1076; x_wconf 88' lang='lat' dir='ltr'><strong>Semine</strong></span> <span class='ocrx_word' id='word_1_81' title='bbox 471 1024 586 1085; x_wconf 90' lang='lat' dir='ltr'><strong>quoque</strong></span> <span class='ocrx_word' id='word_1_82' title='bbox 602 1009 731 1067; x_wconf 88' lang='lat' dir='ltr'><strong>inserere</strong></span> <span class='ocrx_word' id='word_1_83' title='bbox 751 1016 851 1070; x_wconf 89' lang='lat' dir='ltr'><strong>natura</strong></span> <span class='ocrx_word' id='word_1_84' title='bbox 870 1007 969 1070; x_wconf 88' lang='lat' dir='ltr'><strong>docuit</strong></span> <span class='ocrx_word' id='word_1_85' title='bbox 982 1009 1083 1087; x_wconf 90' lang='lat' dir='ltr'><strong>raptim</strong></span> <span class='ocrx_word' id='word_1_86' title='bbox 1095 1017 1128 1072; x_wconf 79' lang='lat'><strong>99</strong></span> 
     </span>
     <span class='ocr_line' id='line_1_11' title="bbox 66 1090 1087 1170; baseline 0 -18"><span class='ocrx_word' id='word_1_87' title='bbox 66 1093 190 1152; x_wconf 77' lang='lat' dir='ltr'><strong>icarium</strong></span> <span class='ocrx_word' id='word_1_88' title='bbox 214 1090 289 1149; x_wconf 82' lang='lat' dir='ltr'><strong>farne</strong></span> <span class='ocrx_word' id='word_1_89' title='bbox 305 1091 445 1150; x_wconf 83' lang='lat' dir='ltr'><strong>devorato</strong></span> <span class='ocrx_word' id='word_1_90' title='bbox 461 1091 613 1168; x_wconf 88' lang='lat' dir='ltr'><strong>solidoque</strong></span> <span class='ocrx_word' id='word_1_91' title='bbox 639 1100 668 1150; x_wconf 87' lang='lat' dir='ltr'><strong>et</strong></span> <span class='ocrx_word' id='word_1_92' title='bbox 686 1091 744 1151; x_wconf 84' lang='lat' dir='ltr'><strong>alvi</strong></span> <span class='ocrx_word' id='word_1_93' title='bbox 765 1100 867 1170; x_wconf 88' lang='lat' dir='ltr'><strong>tepore</strong></span> <span class='ocrx_word' id='word_1_94' title='bbox 890 1092 1002 1152; x_wconf 91' lang='lat' dir='ltr'><strong>madido</strong></span> <span class='ocrx_word' id='word_1_95' title='bbox 1024 1111 1087 1152; x_wconf 88' lang='lat' dir='ltr'><strong>curn</strong></span> 
     </span>
     <span class='ocr_line' id='line_1_12' title="bbox 12 1171 1086 1236; baseline 0.001 -2"><span class='ocrx_word' id='word_1_96' title='bbox 12 1227 13 1234; x_wconf 72' lang='grc'>,</span> <span class='ocrx_word' id='word_1_97' title='bbox 95 1171 221 1235; x_wconf 82' lang='lat' dir='ltr'><strong>fecundo</strong></span> <span class='ocrx_word' id='word_1_98' title='bbox 236 1173 293 1232; x_wconf 89' lang='lat' dir='ltr'><strong>limi</strong></span> <span class='ocrx_word' id='word_1_99' title='bbox 304 1175 494 1234; x_wconf 77' lang='lat' dir='ltr'><strong>medicamine</strong></span> <span class='ocrx_word' id='word_1_100' title='bbox 510 1173 624 1234; x_wconf 90' lang='lat' dir='ltr'><strong>abiecto</strong></span> <span class='ocrx_word' id='word_1_101' title='bbox 637 1175 666 1235; x_wconf 93' lang='lat' dir='ltr'><strong>in</strong></span> <span class='ocrx_word' id='word_1_102' title='bbox 680 1174 814 1234; x_wconf 88' lang='lat' dir='ltr'><strong>mollibus</strong></span> <span class='ocrx_word' id='word_1_103' title='bbox 829 1175 961 1236; x_wconf 87' lang='lat' dir='ltr'><strong>arborum</strong></span> <span class='ocrx_word' id='word_1_104' title='bbox 974 1176 1086 1236; x_wconf 80' lang='lat' dir='ltr'><strong>lecticis</strong></span> 
     </span>
     <span class='ocr_line' id='line_1_13' title="bbox 12 1239 1186 1336; baseline 0.001 -19"><span class='ocrx_word' id='word_1_105' title='bbox 12 1289 13 1298; x_wconf 31' lang='grc' dir='ltr'><strong>ι</strong></span> <span class='ocrx_word' id='word_1_106' title='bbox 95 1268 125 1318; x_wconf 89' lang='lat' dir='ltr'><strong>et</strong></span> <span class='ocrx_word' id='word_1_107' title='bbox 138 1258 234 1318; x_wconf 88' lang='lat' dir='ltr'><strong>ventis</strong></span> <span class='ocrx_word' id='word_1_108' title='bbox 249 1275 339 1336; x_wconf 87' lang='lat' dir='ltr'><strong>saepe</strong></span> <span class='ocrx_word' id='word_1_109' title='bbox 354 1259 493 1318; x_wconf 89' lang='lat' dir='ltr'><strong>translato</strong></span> <span class='ocrx_word' id='word_1_110' title='bbox 509 1259 538 1316; x_wconf 92' lang='lat' dir='ltr'><strong>in</strong></span> <span class='ocrx_word' id='word_1_111' title='bbox 549 1257 658 1336; x_wconf 88' lang='lat' dir='ltr'><strong>aliquas</strong></span> <span class='ocrx_word' id='word_1_112' title='bbox 671 1259 808 1319; x_wconf 90' lang='lat' dir='ltr'><strong>corticum</strong></span> <span class='ocrx_word' id='word_1_113' title='bbox 820 1259 915 1335; x_wconf 88' lang='lat' dir='ltr'><strong>rimas,</strong></span> <span class='ocrx_word' id='word_1_114' title='bbox 930 1261 1004 1320; x_wconf 87' lang='lat' dir='ltr'><strong>unde</strong></span> <span class='ocrx_word' id='word_1_115' title='bbox 1016 1260 1086 1320; x_wconf 90' lang='lat' dir='ltr'><strong>vidi·</strong></span> <span class='ocrx_word' id='word_1_116' title='bbox 1177 1239 1186 1265; x_wconf 72' lang='lat'>⁸</span> 
     </span>
     <span class='ocr_line' id='line_1_14' title="bbox 95 1341 1084 1421; baseline 0 -19"><span class='ocrx_word' id='word_1_117' title='bbox 95 1359 157 1402; x_wconf 85' lang='lat' dir='ltr'><strong>mus</strong></span> <span class='ocrx_word' id='word_1_118' title='bbox 173 1355 304 1402; x_wconf 82' lang='lat' dir='ltr'><strong>cerasum</strong></span> <span class='ocrx_word' id='word_1_119' title='bbox 318 1344 346 1402; x_wconf 93' lang='lat' dir='ltr'><strong>in</strong></span> <span class='ocrx_word' id='word_1_120' title='bbox 362 1341 469 1418; x_wconf 80' lang='lat' dir='ltr'><strong>salice,</strong></span> <span class='ocrx_word' id='word_1_121' title='bbox 493 1342 637 1421; x_wconf 88' lang='lat' dir='ltr'><strong>platanum</strong></span> <span class='ocrx_word' id='word_1_122' title='bbox 651 1343 678 1402; x_wconf 92' lang='lat' dir='ltr'><strong>in</strong></span> <span class='ocrx_word' id='word_1_123' title='bbox 693 1343 790 1418; x_wconf 87' lang='lat' dir='ltr'><strong>lauru,</strong></span> <span class='ocrx_word' id='word_1_124' title='bbox 813 1343 922 1405; x_wconf 90' lang='lat' dir='ltr'><strong>laurum</strong></span> <span class='ocrx_word' id='word_1_125' title='bbox 936 1346 964 1408; x_wconf 91' lang='lat' dir='ltr'><strong>in</strong></span> <span class='ocrx_word' id='word_1_126' title='bbox 980 1361 1084 1402; x_wconf 88' lang='lat' dir='ltr'><strong>ceraso</strong></span> 
     </span>
     <span class='ocr_line' id='line_1_15' title="bbox 96 1424 1085 1488; baseline 0 -2"><span class='ocrx_word' id='word_1_127' title='bbox 96 1435 126 1486; x_wconf 91' lang='lat' dir='ltr'><strong>et</strong></span> <span class='ocrx_word' id='word_1_128' title='bbox 141 1425 232 1488; x_wconf 81' lang='lat' dir='ltr'><strong>bacas</strong></span> <span class='ocrx_word' id='word_1_129' title='bbox 246 1424 330 1484; x_wconf 84' lang='lat' dir='ltr'><strong>simul</strong></span> <span class='ocrx_word' id='word_1_130' title='bbox 345 1426 518 1486; x_wconf 89' lang='lat' dir='ltr'><strong>discolores.</strong></span> <span class='ocrx_word' id='word_1_131' title='bbox 550 1425 663 1486; x_wconf 87' lang='lat' dir='ltr'><strong>tradunt</strong></span> <span class='ocrx_word' id='word_1_132' title='bbox 678 1435 707 1484; x_wconf 93' lang='lat' dir='ltr'><strong>et</strong></span> <span class='ocrx_word' id='word_1_133' title='bbox 720 1427 901 1487; x_wconf 90' lang='lat' dir='ltr'><strong>monedulam</strong></span> <span class='ocrx_word' id='word_1_134' title='bbox 916 1427 1085 1488; x_wconf 84' lang='lat' dir='ltr'><strong>condentem</strong></span> 
     </span>
     <span class='ocr_line' id='line_1_16' title="bbox 12 1509 1084 1594; baseline -0.001 -25"><span class='ocrx_word' id='word_1_135' title='bbox 12 1583 13 1594; x_wconf 10' lang='grc' dir='ltr'>ἵ</span> <span class='ocrx_word' id='word_1_136' title='bbox 66 1511 205 1571; x_wconf 73' lang='grc' dir='ltr'><strong>ιιιειιιίιιι</strong></span> <span class='ocrx_word' id='word_1_137' title='bbox 220 1510 248 1567; x_wconf 91' lang='lat' dir='ltr'><strong>in</strong></span> <span class='ocrx_word' id='word_1_138' title='bbox 259 1509 412 1568; x_wconf 72' lang='lat' dir='ltr'><strong>thesauros</strong></span> <span class='ocrx_word' id='word_1_139' title='bbox 424 1527 609 1568; x_wconf 89' lang='lat' dir='ltr'><strong>cavernarum</strong></span> <span class='ocrx_word' id='word_1_140' title='bbox 622 1510 749 1568; x_wconf 89' lang='lat' dir='ltr'><strong>eiusdem</strong></span> <span class='ocrx_word' id='word_1_141' title='bbox 761 1511 803 1568; x_wconf 89' lang='lat' dir='ltr'><strong>rei</strong></span> <span class='ocrx_word' id='word_1_142' title='bbox 815 1511 958 1587; x_wconf 85' lang='lat' dir='ltr'><strong>praebere</strong></span> <span class='ocrx_word' id='word_1_143' title='bbox 973 1529 1084 1572; x_wconf 85' lang='lat' dir='ltr'><strong>causas.</strong></span> 
     </span>
     <span class='ocr_line' id='line_1_17' title="bbox 161 1590 1128 1671; baseline 0.007 -19"><span class='ocrx_word' id='word_1_144' title='bbox 161 1590 245 1670; x_wconf 44' lang='lat'>(232)</span> <span class='ocrx_word' id='word_1_145' title='bbox 261 1592 407 1653; x_wconf 89' lang='lat' dir='ltr'><strong>Hincnata</strong></span> <span class='ocrx_word' id='word_1_146' title='bbox 416 1593 572 1652; x_wconf 90' lang='lat' dir='ltr'><strong>inoculatio</strong></span> <span class='ocrx_word' id='word_1_147' title='bbox 585 1592 712 1653; x_wconf 85' lang='lat' dir='ltr'><strong>sutoriae</strong></span> <span class='ocrx_word' id='word_1_148' title='bbox 724 1590 810 1650; x_wconf 88' lang='lat' dir='ltr'><strong>simili</strong></span> <span class='ocrx_word' id='word_1_149' title='bbox 821 1593 914 1653; x_wconf 80' lang='lat' dir='ltr'><strong>fistula</strong></span> <span class='ocrx_word' id='word_1_150' title='bbox 922 1595 1068 1671; x_wconf 85' lang='lat' dir='ltr'><strong>aperiendi</strong></span> <span class='ocrx_word' id='word_1_151' title='bbox 1077 1607 1128 1659; x_wconf 87' lang='lat'><strong>100</strong></span> 
     </span>
     <span class='ocr_line' id='line_1_18' title="bbox 12 1675 1086 1751; baseline -0.001 -13"><span class='ocrx_word' id='word_1_152' title='bbox 12 1691 14 1738; x_wconf 84' lang='lat' dir='ltr'><strong>t</strong></span> <span class='ocrx_word' id='word_1_153' title='bbox 95 1679 124 1736; x_wconf 89' lang='lat' dir='ltr'><strong>in</strong></span> <span class='ocrx_word' id='word_1_154' title='bbox 139 1675 245 1736; x_wconf 83' lang='lat' dir='ltr'><strong>arbore</strong></span> <span class='ocrx_word' id='word_1_155' title='bbox 262 1677 376 1736; x_wconf 88' lang='lat' dir='ltr'><strong>oculum</strong></span> <span class='ocrx_word' id='word_1_156' title='bbox 392 1679 501 1736; x_wconf 84' lang='lat' dir='ltr'><strong>cortine</strong></span> <span class='ocrx_word' id='word_1_157' title='bbox 517 1678 618 1735; x_wconf 87' lang='lat' dir='ltr'><strong>exciso</strong></span> <span class='ocrx_word' id='word_1_158' title='bbox 636 1691 792 1751; x_wconf 86' lang='lat' dir='ltr'><strong>semenque</strong></span> <span class='ocrx_word' id='word_1_159' title='bbox 807 1675 968 1734; x_wconf 89' lang='lat' dir='ltr'><strong>includendi</strong></span> <span class='ocrx_word' id='word_1_160' title='bbox 985 1678 1086 1737; x_wconf 89' lang='lat' dir='ltr'><strong>eadem</strong></span> 
     </span>
     <span class='ocr_line' id='line_1_19' title="bbox 95 1758 1192 1830; baseline -0.001 -10"><span class='ocrx_word' id='word_1_161' title='bbox 95 1759 190 1820; x_wconf 87' lang='lat' dir='ltr'><strong>listula</strong></span> <span class='ocrx_word' id='word_1_162' title='bbox 204 1758 343 1818; x_wconf 85' lang='lat' dir='ltr'><strong>sublatum</strong></span> <span class='ocrx_word' id='word_1_163' title='bbox 358 1777 396 1818; x_wconf 86' lang='lat' dir='ltr'><strong>ex</strong></span> <span class='ocrx_word' id='word_1_164' title='bbox 411 1759 476 1818; x_wconf 84' lang='lat' dir='ltr'><strong>alia.</strong></span> <span class='ocrx_word' id='word_1_165' title='bbox 504 1759 609 1818; x_wconf 85' lang='lat' dir='ltr'><strong>inficis</strong></span> <span class='ocrx_word' id='word_1_166' title='bbox 625 1767 718 1817; x_wconf 90' lang='lat' dir='ltr'><strong>autern</strong></span> <span class='ocrx_word' id='word_1_167' title='bbox 733 1766 762 1816; x_wconf 88' lang='lat' dir='ltr'><strong>et</strong></span> <span class='ocrx_word' id='word_1_168' title='bbox 776 1758 856 1818; x_wconf 86' lang='lat' dir='ltr'><strong>malis</strong></span> <span class='ocrx_word' id='word_1_169' title='bbox 870 1758 944 1818; x_wconf 89' lang='lat' dir='ltr'><strong>baec</strong></span> <span class='ocrx_word' id='word_1_170' title='bbox 958 1759 1010 1818; x_wconf 83' lang='lat' dir='ltr'><strong>luit</strong></span> <span class='ocrx_word' id='word_1_171' title='bbox 1025 1761 1085 1819; x_wconf 93' lang='lat' dir='ltr'><strong>ino·</strong></span> <span class='ocrx_word' id='word_1_172' title='bbox 1188 1825 1192 1830; x_wconf 62' lang='grc'><em>,</em></span> 
     </span>
     <span class='ocr_line' id='line_1_20' title="bbox 96 1841 1086 1920; baseline -0.003 -17"><span class='ocrx_word' id='word_1_173' title='bbox 96 1843 202 1903; x_wconf 90' lang='lat' dir='ltr'><strong>culatio</strong></span> <span class='ocrx_word' id='word_1_174' title='bbox 218 1843 342 1920; x_wconf 88' lang='lat' dir='ltr'><strong>antiqua.</strong></span> <span class='ocrx_word' id='word_1_175' title='bbox 385 1841 552 1917; x_wconf 86' lang='lat' dir='ltr'><strong>Vergiliana</strong></span> <span class='ocrx_word' id='word_1_176' title='bbox 572 1843 682 1920; x_wconf 89' lang='lat' dir='ltr'><strong>quaerit</strong></span> <span class='ocrx_word' id='word_1_177' title='bbox 705 1842 794 1900; x_wconf 88' lang='lat' dir='ltr'><strong>sinum</strong></span> <span class='ocrx_word' id='word_1_178' title='bbox 813 1843 842 1900; x_wconf 94' lang='lat' dir='ltr'><strong>in</strong></span> <span class='ocrx_word' id='word_1_179' title='bbox 857 1842 935 1902; x_wconf 92' lang='lat' dir='ltr'><strong>nodo</strong></span> <span class='ocrx_word' id='word_1_180' title='bbox 956 1860 1086 1918; x_wconf 85' lang='lat' dir='ltr'><strong>gemmae</strong></span> 
     </span>
     <span class='ocr_line' id='line_1_21' title="bbox 63 1925 1085 2006; baseline -0.001 -19"><span class='ocrx_word' id='word_1_181' title='bbox 63 1927 212 2006; x_wconf 70' lang='lat' dir='ltr'><strong>mcrpnlsi</strong></span> <span class='ocrx_word' id='word_1_182' title='bbox 227 1927 343 1988; x_wconf 86' lang='lat' dir='ltr'><strong>corticis</strong></span> <span class='ocrx_word' id='word_1_183' title='bbox 358 1943 556 2004; x_wconf 78' lang='lat' dir='ltr'><strong>gemmamque</strong></span> <span class='ocrx_word' id='word_1_184' title='bbox 573 1926 679 1985; x_wconf 88' lang='lat' dir='ltr'><strong>exalia</strong></span> <span class='ocrx_word' id='word_1_185' title='bbox 695 1925 799 1984; x_wconf 92' lang='lat' dir='ltr'><strong>arbore</strong></span> <span class='ocrx_word' id='word_1_186' title='bbox 814 1925 940 1986; x_wconf 89' lang='lat' dir='ltr'><strong>includit.</strong></span> <span class='ocrx_word' id='word_1_187' title='bbox 974 1935 1004 1985; x_wconf 86' lang='lat' dir='ltr'><strong>ct</strong></span> <span class='ocrx_word' id='word_1_188' title='bbox 1018 1926 1085 1996; x_wconf 86' lang='lat' dir='ltr'><strong>hac·</strong></span> 
     </span>
     <span class='ocr_line' id='line_1_22' title="bbox 95 2009 1119 2088; baseline -0.003 -17"><span class='ocrx_word' id='word_1_189' title='bbox 95 2018 303 2071; x_wconf 82' lang='lat' dir='ltr'><strong>tenusnatnra</strong></span> <span class='ocrx_word' id='word_1_190' title='bbox 325 2011 389 2087; x_wconf 90' lang='lat' dir='ltr'><strong>ipsa</strong></span> <span class='ocrx_word' id='word_1_191' title='bbox 413 2009 521 2070; x_wconf 88' lang='lat' dir='ltr'><strong>docuit.</strong></span> <span class='ocrx_word' id='word_1_192' title='bbox 564 2009 647 2088; x_wconf 78' lang='lat'>(24.)</span> <span class='ocrx_word' id='word_1_193' title='bbox 676 2010 837 2074; x_wconf 87' lang='lat' dir='ltr'><strong>insitionem</strong></span> <span class='ocrx_word' id='word_1_194' title='bbox 862 2018 955 2069; x_wconf 88' lang='lat' dir='ltr'><strong>autem</strong></span> <span class='ocrx_word' id='word_1_195' title='bbox 990 2027 1084 2085; x_wconf 82' lang='lat' dir='ltr'><strong>casus,</strong></span> <span class='ocrx_word' id='word_1_196' title='bbox 1117 2050 1119 2056; x_wconf 40' lang='grc' dir='ltr'><strong>ι</strong></span> 
     </span>
     <span class='ocr_line' id='line_1_23' title="bbox 96 2091 1125 2171; baseline 0.001 -19"><span class='ocrx_word' id='word_1_197' title='bbox 96 2095 234 2171; x_wconf 82' lang='lat' dir='ltr'><strong>magister</strong></span> <span class='ocrx_word' id='word_1_198' title='bbox 248 2093 322 2152; x_wconf 81' lang='lat' dir='ltr'><strong>nlius</strong></span> <span class='ocrx_word' id='word_1_199' title='bbox 338 2101 367 2151; x_wconf 86' lang='lat' dir='ltr'><strong>et</strong></span> <span class='ocrx_word' id='word_1_200' title='bbox 381 2109 475 2169; x_wconf 90' lang='lat' dir='ltr'><strong>paene</strong></span> <span class='ocrx_word' id='word_1_201' title='bbox 491 2093 680 2166; x_wconf 87' lang='lat' dir='ltr'><strong>numerosior,</strong></span> <span class='ocrx_word' id='word_1_202' title='bbox 700 2091 823 2151; x_wconf 90' lang='lat' dir='ltr'><strong>adhunc</strong></span> <span class='ocrx_word' id='word_1_203' title='bbox 838 2093 965 2165; x_wconf 90' lang='lat' dir='ltr'><strong>modum:</strong></span> <span class='ocrx_word' id='word_1_204' title='bbox 989 2096 1063 2170; x_wconf 77' lang='lat' dir='ltr'><strong>agri-</strong></span> <span class='ocrx_word' id='word_1_205' title='bbox 1076 2104 1125 2158; x_wconf 87' lang='lat' dir='ltr'><strong>lol</strong></span> 
     </span>
     <span class='ocr_line' id='line_1_24' title="bbox 97 2175 1084 2253; baseline -0.002 -15"><span class='ocrx_word' id='word_1_206' title='bbox 97 2178 162 2238; x_wconf 85' lang='lat' dir='ltr'><strong>oola</strong></span> <span class='ocrx_word' id='word_1_207' title='bbox 182 2176 301 2237; x_wconf 87' lang='lat' dir='ltr'><strong>sedulus</strong></span> <span class='ocrx_word' id='word_1_208' title='bbox 326 2193 422 2234; x_wconf 87' lang='lat' dir='ltr'><strong>oasam</strong></span> <span class='ocrx_word' id='word_1_209' title='bbox 444 2175 542 2253; x_wconf 89' lang='lat' dir='ltr'><strong>saepis</strong></span> <span class='ocrx_word' id='word_1_210' title='bbox 558 2175 733 2234; x_wconf 90' lang='lat' dir='ltr'><strong>munimento</strong></span> <span class='ocrx_word' id='word_1_211' title='bbox 756 2175 890 2250; x_wconf 82' lang='lat' dir='ltr'><strong>cingens,</strong></span> <span class='ocrx_word' id='word_1_212' title='bbox 917 2179 1084 2252; x_wconf 90' lang='lat' dir='ltr'><strong>quominus</strong></span> 
     </span>
     <span class='ocr_line' id='line_1_25' title="bbox 97 2255 1085 2342; baseline -0.003 -20"><span class='ocrx_word' id='word_1_213' title='bbox 97 2269 301 2342; x_wconf 87' lang='lat' dir='ltr'><strong>putrescerent</strong></span> <span class='ocrx_word' id='word_1_214' title='bbox 316 2258 413 2334; x_wconf 82' lang='lat' dir='ltr'><strong>sudes,</strong></span> <span class='ocrx_word' id='word_1_215' title='bbox 430 2258 517 2318; x_wconf 89' lang='lat' dir='ltr'><strong>limen</strong></span> <span class='ocrx_word' id='word_1_216' title='bbox 528 2257 651 2318; x_wconf 85' lang='lat' dir='ltr'><strong>subdidit</strong></span> <span class='ocrx_word' id='word_1_217' title='bbox 665 2274 703 2318; x_wconf 85' lang='lat' dir='ltr'><strong>ex</strong></span> <span class='ocrx_word' id='word_1_218' title='bbox 717 2255 835 2316; x_wconf 91' lang='lat' dir='ltr'><strong>hedera</strong></span> <span class='ocrx_word' id='word_1_219' title='bbox 868 2266 896 2317; x_wconf 93' lang='lat' dir='ltr'><strong>at</strong></span> <span class='ocrx_word' id='word_1_220' title='bbox 912 2257 979 2316; x_wconf 90' lang='lat' dir='ltr'><strong>illae</strong></span> <span class='ocrx_word' id='word_1_221' title='bbox 993 2261 1085 2319; x_wconf 87' lang='lat' dir='ltr'><strong>vivaci</strong></span> 
     </span>
     <span class='ocr_line' id='line_1_26' title="bbox 12 2334 1084 2420; baseline -0.008 -12"><span class='ocrx_word' id='word_1_222' title='bbox 12 2355 13 2408; x_wconf 88' lang='lat' dir='ltr'><strong>l</strong></span> <span class='ocrx_word' id='word_1_223' title='bbox 65 2361 194 2405; x_wconf 76' lang='lat' dir='ltr'><strong>umorsu</strong></span> <span class='ocrx_word' id='word_1_224' title='bbox 210 2342 411 2420; x_wconf 86' lang='lat' dir='ltr'><strong>adprehensae</strong></span> <span class='ocrx_word' id='word_1_225' title='bbox 429 2360 507 2401; x_wconf 88' lang='lat' dir='ltr'><strong>suam</strong></span> <span class='ocrx_word' id='word_1_226' title='bbox 523 2359 559 2400; x_wconf 87' lang='lat' dir='ltr'><strong>ex</strong></span> <span class='ocrx_word' id='word_1_227' title='bbox 573 2341 666 2402; x_wconf 89' lang='lat' dir='ltr'><strong>aliena</strong></span> <span class='ocrx_word' id='word_1_228' title='bbox 680 2341 781 2400; x_wconf 84' lang='lat' dir='ltr'><strong>iecere</strong></span> <span class='ocrx_word' id='word_1_229' title='bbox 795 2340 881 2405; x_wconf 85' lang='lat' dir='ltr'><strong>vitam</strong></span> <span class='ocrx_word' id='word_1_230' title='bbox 897 2334 1084 2418; x_wconf 88' lang='lat' dir='ltr'><strong>adparuitque</strong></span> 
     </span>
     <span class='ocr_line' id='line_1_27' title="bbox 12 2423 1084 2525; baseline -0.008 -35"><span class='ocrx_word' id='word_1_231' title='bbox 12 2433 13 2454; x_wconf 63' lang='lat'><em>*</em></span> <span class='ocrx_word' id='word_1_232' title='bbox 96 2439 228 2490; x_wconf 68' lang='lat' dir='ltr'><strong>mancum</strong></span> <span class='ocrx_word' id='word_1_233' title='bbox 247 2443 314 2485; x_wconf 86' lang='lat' dir='ltr'><strong>esse</strong></span> <span class='ocrx_word' id='word_1_234' title='bbox 335 2442 389 2503; x_wconf 90' lang='lat' dir='ltr'><strong>pro</strong></span> <span class='ocrx_word' id='word_1_235' title='bbox 411 2434 498 2486; x_wconf 87' lang='lat' dir='ltr'><strong>terra.</strong></span> <span class='ocrx_word' id='word_1_236' title='bbox 528 2426 655 2485; x_wconf 80' lang='lat' dir='ltr'><strong>aufertur</strong></span> <span class='ocrx_word' id='word_1_237' title='bbox 671 2442 743 2525; x_wconf 77' lang='lat' dir='ltr'><strong>ergo</strong></span> <span class='ocrx_word' id='word_1_238' title='bbox 765 2442 845 2486; x_wconf 86' lang='lat' dir='ltr'><strong>serra</strong></span> <span class='ocrx_word' id='word_1_239' title='bbox 867 2423 1026 2502; x_wconf 89' lang='lat' dir='ltr'><strong>aequaliter</strong></span> <span class='ocrx_word' id='word_1_240' title='bbox 1040 2441 1084 2482; x_wconf 94' lang='lat' dir='ltr'><strong>su·</strong></span> 
     </span>
    </p>
   </div>
   <div class='ocr_carea' id='block_1_4' title="bbox 12 2495 1213 2593">
    <p class='ocr_par' dir='ltr' id='par_1_4' title="bbox 12 2495 1213 2593">
     <span class='ocr_line' id='line_1_28' title="bbox 12 2495 1213 2593; baseline -0.002 -21"><span class='ocrx_word' id='word_1_241' title='bbox 12 2495 14 2572; x_wconf 74' lang='lat' dir='ltr'><strong>l</strong></span> <span class='ocrx_word' id='word_1_242' title='bbox 97 2511 246 2590; x_wconf 82' lang='lat' dir='ltr'><strong>perficies,</strong></span> <span class='ocrx_word' id='word_1_243' title='bbox 263 2509 405 2586; x_wconf 83' lang='lat' dir='ltr'><strong>levigatur</strong></span> <span class='ocrx_word' id='word_1_244' title='bbox 429 2508 505 2568; x_wconf 84' lang='lat' dir='ltr'><strong>falce</strong></span> <span class='ocrx_word' id='word_1_245' title='bbox 527 2518 653 2568; x_wconf 89' lang='lat' dir='ltr'><strong>truncus.</strong></span> <span class='ocrx_word' id='word_1_246' title='bbox 676 2509 757 2570; x_wconf 87' lang='lat' dir='ltr'><strong>ratio</strong></span> <span class='ocrx_word' id='word_1_247' title='bbox 777 2518 880 2586; x_wconf 86' lang='lat' dir='ltr'><strong>postca</strong></span> <span class='ocrx_word' id='word_1_248' title='bbox 893 2507 1015 2586; x_wconf 84' lang='lat' dir='ltr'><strong>duplex,</strong></span> <span class='ocrx_word' id='word_1_249' title='bbox 1036 2517 1066 2568; x_wconf 92' lang='lat' dir='ltr'><strong>et</strong></span> <span class='ocrx_word' id='word_1_250' title='bbox 1077 2516 1126 2569; x_wconf 76' lang='lat'><strong>102</strong></span> <span class='ocrx_word' id='word_1_251' title='bbox 1206 2581 1213 2593; x_wconf 74' lang='lat'><em>,</em></span> 
     </span>
    </p>
   </div>
   <div class='ocr_carea' id='block_1_5' title="bbox 12 2573 1145 3502">
    <p class='ocr_par' dir='ltr' id='par_1_5' title="bbox 12 2573 1145 3502">
     <span class='ocr_line' id='line_1_29' title="bbox 12 2573 1084 2674; baseline -0.004 -20"><span class='ocrx_word' id='word_1_252' title='bbox 12 2573 14 2624; x_wconf 83' lang='lat' dir='ltr'><strong>l</strong></span> <span class='ocrx_word' id='word_1_253' title='bbox 98 2597 190 2674; x_wconf 89' lang='lat' dir='ltr'><strong>prima</strong></span> <span class='ocrx_word' id='word_1_254' title='bbox 211 2594 286 2656; x_wconf 83' lang='lat' dir='ltr'><strong>inter</strong></span> <span class='ocrx_word' id='word_1_255' title='bbox 306 2592 443 2652; x_wconf 87' lang='lat' dir='ltr'><strong>corticem</strong></span> <span class='ocrx_word' id='word_1_256' title='bbox 470 2592 632 2671; x_wconf 84' lang='lat' dir='ltr'><strong>lignumque</strong></span> <span class='ocrx_word' id='word_1_257' title='bbox 653 2591 807 2652; x_wconf 86' lang='lat' dir='ltr'><strong>inserendi.</strong></span> <span class='ocrx_word' id='word_1_258' title='bbox 836 2591 971 2652; x_wconf 89' lang='lat' dir='ltr'><strong>timebant</strong></span> <span class='ocrx_word' id='word_1_259' title='bbox 997 2593 1084 2670; x_wconf 91' lang='lat' dir='ltr'><strong>prisci</strong></span> 
     </span>
     <span class='ocr_line' id='line_1_30' title="bbox 12 2674 1084 2760; baseline -0.002 -22"><span class='ocrx_word' id='word_1_260' title='bbox 12 2687 13 2700; x_wconf 65' lang='lat'>¹</span> <span class='ocrx_word' id='word_1_261' title='bbox 97 2688 228 2739; x_wconf 91' lang='lat' dir='ltr'><strong>truncum</strong></span> <span class='ocrx_word' id='word_1_262' title='bbox 240 2674 364 2751; x_wconf 83' lang='lat' dir='ltr'><strong>findere,</strong></span> <span class='ocrx_word' id='word_1_263' title='bbox 380 2693 447 2735; x_wconf 87' lang='lat' dir='ltr'><strong>mox</strong></span> <span class='ocrx_word' id='word_1_264' title='bbox 461 2675 585 2734; x_wconf 85' lang='lat' dir='ltr'><strong>inforare</strong></span> <span class='ocrx_word' id='word_1_265' title='bbox 607 2675 669 2735; x_wconf 89' lang='lat' dir='ltr'><strong>ausi</strong></span> <span class='ocrx_word' id='word_1_266' title='bbox 687 2675 811 2736; x_wconf 92' lang='lat' dir='ltr'><strong>medio</strong></span> <span class='ocrx_word' id='word_1_267' title='bbox 802 2676 916 2760; x_wconf 80' lang='lat' dir='ltr'><strong>ipsique</strong></span> <span class='ocrx_word' id='word_1_268' title='bbox 930 2677 959 2734; x_wconf 94' lang='lat' dir='ltr'><strong>in</strong></span> <span class='ocrx_word' id='word_1_269' title='bbox 975 2693 1010 2734; x_wconf 95' lang='lat' dir='ltr'><strong>eo</strong></span> <span class='ocrx_word' id='word_1_270' title='bbox 1025 2693 1084 2736; x_wconf 89' lang='lat' dir='ltr'><strong>me-</strong></span> 
     </span>
     <span class='ocr_line' id='line_1_31' title="bbox 64 2757 1085 2837; baseline -0.008 -14"><span class='ocrx_word' id='word_1_271' title='bbox 64 2761 195 2823; x_wconf 84' lang='lat' dir='ltr'><strong>eodullae</strong></span> <span class='ocrx_word' id='word_1_272' title='bbox 213 2757 351 2818; x_wconf 90' lang='lat' dir='ltr'><strong>calamum</strong></span> <span class='ocrx_word' id='word_1_273' title='bbox 369 2757 574 2837; x_wconf 79' lang='lat' dir='ltr'><strong>inprimebam,</strong></span> <span class='ocrx_word' id='word_1_274' title='bbox 599 2774 683 2817; x_wconf 90' lang='lat' dir='ltr'><strong>unum</strong></span> <span class='ocrx_word' id='word_1_275' title='bbox 697 2757 875 2831; x_wconf 80' lang='lat' dir='ltr'><strong>inserentes,</strong></span> <span class='ocrx_word' id='word_1_276' title='bbox 902 2760 1085 2835; x_wconf 90' lang='lat' dir='ltr'><strong>nequeenim</strong></span> 
     </span>
     <span class='ocr_line' id='line_1_32' title="bbox 98 2839 1084 2923; baseline -0.005 -19"><span class='ocrx_word' id='word_1_277' title='bbox 98 2844 199 2923; x_wconf 86' lang='lat' dir='ltr'><strong>plures</strong></span> <span class='ocrx_word' id='word_1_278' title='bbox 221 2841 352 2919; x_wconf 86' lang='lat' dir='ltr'><strong>capiebat</strong></span> <span class='ocrx_word' id='word_1_279' title='bbox 378 2839 512 2900; x_wconf 90' lang='lat' dir='ltr'><strong>medulla</strong></span> <span class='ocrx_word' id='word_1_280' title='bbox 545 2839 676 2901; x_wconf 88' lang='lat' dir='ltr'><strong>subtilior</strong></span> <span class='ocrx_word' id='word_1_281' title='bbox 697 2848 801 2916; x_wconf 87' lang='lat' dir='ltr'><strong>postea</strong></span> <span class='ocrx_word' id='word_1_282' title='bbox 826 2843 898 2900; x_wconf 91' lang='lat' dir='ltr'><strong>ratio</strong></span> <span class='ocrx_word' id='word_1_283' title='bbox 923 2841 972 2900; x_wconf 79' lang='lat' dir='ltr'><strong>vel</strong></span> <span class='ocrx_word' id='word_1_284' title='bbox 997 2857 1084 2901; x_wconf 90' lang='lat' dir='ltr'><strong>senos</strong></span> 
     </span>
     <span class='ocr_line' id='line_1_33' title="bbox 99 2924 1085 3001; baseline -0.006 -13"><span class='ocrx_word' id='word_1_285' title='bbox 99 2927 184 3001; x_wconf 85' lang='lat' dir='ltr'><strong>adici,</strong></span> <span class='ocrx_word' id='word_1_286' title='bbox 199 2924 365 2984; x_wconf 85' lang='lat' dir='ltr'><strong>mortalitati</strong></span> <span class='ocrx_word' id='word_1_287' title='bbox 380 2941 479 2983; x_wconf 90' lang='lat' dir='ltr'><strong>eornm</strong></span> <span class='ocrx_word' id='word_1_288' title='bbox 494 2932 523 2982; x_wconf 86' lang='lat' dir='ltr'><strong>et</strong></span> <span class='ocrx_word' id='word_1_289' title='bbox 543 2939 660 2982; x_wconf 89' lang='lat' dir='ltr'><strong>numero</strong></span> <span class='ocrx_word' id='word_1_290' title='bbox 676 2938 847 2982; x_wconf 80' lang='lat' dir='ltr'><strong>succurrere</strong></span> <span class='ocrx_word' id='word_1_291' title='bbox 863 2939 1012 3000; x_wconf 88' lang='lat' dir='ltr'><strong>persuasa,</strong></span> <span class='ocrx_word' id='word_1_292' title='bbox 1030 2937 1085 3001; x_wconf 74' lang='lat' dir='ltr'><strong>per</strong></span> 
     </span>
     <span class='ocr_line' id='line_1_34' title="bbox 98 3006 1083 3086; baseline -0.004 -16"><span class='ocrx_word' id='word_1_293' title='bbox 98 3011 193 3073; x_wconf 87' lang='lat' dir='ltr'><strong>media</strong></span> <span class='ocrx_word' id='word_1_294' title='bbox 214 3017 316 3086; x_wconf 84' lang='lat' dir='ltr'><strong>trunco</strong></span> <span class='ocrx_word' id='word_1_295' title='bbox 339 3006 442 3066; x_wconf 89' lang='lat' dir='ltr'><strong>leuiter</strong></span> <span class='ocrx_word' id='word_1_296' title='bbox 462 3007 530 3065; x_wconf 89' lang='lat' dir='ltr'><strong>lisso</strong></span> <span class='ocrx_word' id='word_1_297' title='bbox 560 3022 709 3082; x_wconf 87' lang='lat' dir='ltr'><strong>cuneoque</strong></span> <span class='ocrx_word' id='word_1_298' title='bbox 733 3008 810 3066; x_wconf 89' lang='lat' dir='ltr'><strong>tenui</strong></span> <span class='ocrx_word' id='word_1_299' title='bbox 837 3006 965 3066; x_wconf 85' lang='lat' dir='ltr'><strong>lissuram</strong></span> <span class='ocrx_word' id='word_1_300' title='bbox 989 3014 1083 3066; x_wconf 87' lang='lat' dir='ltr'><strong>ensto-</strong></span> 
     </span>
     <span class='ocr_line' id='line_1_35' title="bbox 12 3076 1082 3172; baseline -0.004 -20"><span class='ocrx_word' id='word_1_301' title='bbox 12 3149 13 3152; x_wconf 74' lang='grc'>,</span> <span class='ocrx_word' id='word_1_302' title='bbox 98 3095 207 3170; x_wconf 85' lang='lat' dir='ltr'><strong>diente,</strong></span> <span class='ocrx_word' id='word_1_303' title='bbox 223 3076 317 3150; x_wconf 82' lang='lat' dir='ltr'><strong>donec</strong></span> <span class='ocrx_word' id='word_1_304' title='bbox 329 3089 496 3168; x_wconf 86' lang='lat' dir='ltr'><strong>cuspidatim</strong></span> <span class='ocrx_word' id='word_1_305' title='bbox 507 3089 621 3150; x_wconf 86' lang='lat' dir='ltr'><strong>decisus</strong></span> <span class='ocrx_word' id='word_1_306' title='bbox 634 3088 807 3172; x_wconf 87' lang='lat' dir='ltr'><strong>descendat&#39;</strong></span> <span class='ocrx_word' id='word_1_307' title='bbox 799 3107 827 3148; x_wconf 87' lang='grc' dir='ltr'><strong>ιιι</strong></span> <span class='ocrx_word' id='word_1_308' title='bbox 837 3091 935 3150; x_wconf 87' lang='lat' dir='ltr'><strong>rimam</strong></span> <span class='ocrx_word' id='word_1_309' title='bbox 948 3089 1082 3164; x_wconf 86' lang='lat' dir='ltr'><strong>calamus.</strong></span> 
     </span>
     <span class='ocr_line' id='line_1_36' title="bbox 12 3171 1145 3271; baseline -0.002 -33"><span class='ocrx_word' id='word_1_310' title='bbox 12 3195 13 3242; x_wconf 53' lang='grc' dir='ltr'><em>ἢ</em></span> <span class='ocrx_word' id='word_1_311' title='bbox 67 3175 227 3237; x_wconf 85' lang='lat' dir='ltr'><strong>ssblulta&#39;</strong></span> <span class='ocrx_word' id='word_1_312' title='bbox 218 3193 247 3234; x_wconf 89' lang='grc' dir='ltr'><strong>ιιι</strong></span> <span class='ocrx_word' id='word_1_313' title='bbox 272 3172 329 3232; x_wconf 90' lang='lat' dir='ltr'><strong>boo</strong></span> <span class='ocrx_word' id='word_1_314' title='bbox 353 3173 506 3233; x_wconf 88' lang='lat' dir='ltr'><strong>servanda:</strong></span> <span class='ocrx_word' id='word_1_315' title='bbox 535 3173 655 3271; x_wconf 89' lang='lat' dir='ltr'><strong>primum</strong></span> <span class='ocrx_word' id='word_1_316' title='bbox 677 3174 814 3269; x_wconf 83' lang='lat' dir='ltr'><strong>omnium,</strong></span> <span class='ocrx_word' id='word_1_317' title='bbox 839 3190 912 3251; x_wconf 89' lang='lat' dir='ltr'><strong>qnae</strong></span> <span class='ocrx_word' id='word_1_318' title='bbox 938 3171 1060 3249; x_wconf 84' lang='lat' dir='ltr'><strong>patiatur</strong></span> <span class='ocrx_word' id='word_1_319' title='bbox 1075 3173 1145 3238; x_wconf 78' lang='lat'>103&#39;</span> 
     </span>
     <span class='ocr_line' id='line_1_37' title="bbox 101 3254 1084 3333; baseline -0.005 -12.415"><span class='ocrx_word' id='word_1_320' title='bbox 101 3261 206 3321; x_wconf 87' lang='lat' dir='ltr'><strong>coitum</strong></span> <span class='ocrx_word' id='word_1_321' title='bbox 232 3256 317 3316; x_wconf 86' lang='lat' dir='ltr'><strong>talem</strong></span> <span class='ocrx_word' id='word_1_322' title='bbox 339 3255 427 3316; x_wconf 89' lang='lat' dir='ltr'><strong>arbor</strong></span> <span class='ocrx_word' id='word_1_323' title='bbox 448 3264 477 3314; x_wconf 92' lang='lat' dir='ltr'><strong>et</strong></span> <span class='ocrx_word' id='word_1_324' title='bbox 498 3258 577 3314; x_wconf 90' lang='lat' dir='ltr'><strong>cuius</strong></span> <span class='ocrx_word' id='word_1_325' title='bbox 602 3254 712 3314; x_wconf 89' lang='lat' dir='ltr'><strong>arboris</strong></span> <span class='ocrx_word' id='word_1_326' title='bbox 736 3255 816 3315; x_wconf 87' lang='lat' dir='ltr'><strong>varie</strong></span> <span class='ocrx_word' id='word_1_327' title='bbox 838 3273 952 3333; x_wconf 90' lang='lat' dir='ltr'><strong>qnoque</strong></span> <span class='ocrx_word' id='word_1_328' title='bbox 978 3264 1006 3316; x_wconf 87' lang='lat' dir='ltr'><strong>et</strong></span> <span class='ocrx_word' id='word_1_329' title='bbox 1027 3273 1084 3316; x_wconf 94' lang='lat' dir='ltr'><strong>non</strong></span> 
     </span>
     <span class='ocr_line' id='line_1_38' title="bbox 12 3335 1086 3418; baseline -0.005 -15"><span class='ocrx_word' id='word_1_330' title='bbox 12 3335 13 3340; x_wconf 59' lang='grc'>’</span> <span class='ocrx_word' id='word_1_331' title='bbox 100 3342 231 3404; x_wconf 90' lang='lat' dir='ltr'><strong>iisdem&#39;</strong></span> <span class='ocrx_word' id='word_1_332' title='bbox 222 3357 252 3399; x_wconf 91' lang='grc' dir='ltr'><strong>ιιι</strong></span> <span class='ocrx_word' id='word_1_333' title='bbox 278 3339 405 3417; x_wconf 86' lang='lat' dir='ltr'><strong>partibus</strong></span> <span class='ocrx_word' id='word_1_334' title='bbox 427 3337 527 3398; x_wconf 89' lang='lat' dir='ltr'><strong>subest</strong></span> <span class='ocrx_word' id='word_1_335' title='bbox 547 3336 674 3398; x_wconf 90' lang='lat' dir='ltr'><strong>omnibus</strong></span> <span class='ocrx_word' id='word_1_336' title='bbox 697 3357 792 3398; x_wconf 73' lang='lat' dir='ltr'><strong>succus.</strong></span> <span class='ocrx_word' id='word_1_337' title='bbox 833 3340 937 3399; x_wconf 85' lang='lat' dir='ltr'><strong>vitibus</strong></span> <span class='ocrx_word' id='word_1_338' title='bbox 963 3340 1086 3418; x_wconf 86' lang='lat' dir='ltr'><strong>licisqne</strong></span> 
     </span>
     <span class='ocr_line' id='line_1_39' title="bbox 12 3421 1084 3502; baseline -0.002 -16"><span class='ocrx_word' id='word_1_339' title='bbox 12 3423 13 3476; x_wconf 81' lang='grc' dir='ltr'>ἶ</span> <span class='ocrx_word' id='word_1_340' title='bbox 100 3425 194 3486; x_wconf 83' lang='lat' dir='ltr'><strong>media</strong></span> <span class='ocrx_word' id='word_1_341' title='bbox 212 3423 336 3483; x_wconf 88' lang='lat' dir='ltr'><strong>sicciora</strong></span> <span class='ocrx_word' id='word_1_342' title='bbox 346 3430 381 3493; x_wconf 81' lang='lat' dir='ltr'><strong>et</strong></span> <span class='ocrx_word' id='word_1_343' title='bbox 396 3439 412 3480; x_wconf 94' lang='lat' dir='ltr'><strong>e</strong></span> <span class='ocrx_word' id='word_1_344' title='bbox 428 3439 533 3484; x_wconf 85' lang='lat' dir='ltr'><strong>summa</strong></span> <span class='ocrx_word' id='word_1_345' title='bbox 548 3430 631 3500; x_wconf 87' lang='lat' dir='ltr'><strong>parte</strong></span> <span class='ocrx_word' id='word_1_346' title='bbox 648 3429 814 3502; x_wconf 84' lang='lat' dir='ltr'><strong>conceptus.</strong></span> <span class='ocrx_word' id='word_1_347' title='bbox 847 3421 914 3483; x_wconf 92' lang='lat' dir='ltr'><strong>ideo</strong></span> <span class='ocrx_word' id='word_1_348' title='bbox 929 3421 1008 3484; x_wconf 88' lang='lat' dir='ltr'><strong>illinc</strong></span> <span class='ocrx_word' id='word_1_349' title='bbox 1022 3441 1084 3488; x_wconf 87' lang='lat' dir='ltr'><strong>sur·</strong></span> 
     </span>
    </p>
   </div>
   <div class='ocr_carea' id='block_1_6' title="bbox 12 3497 14 3688">
    <p class='ocr_par' dir='ltr' id='par_1_6' title="bbox 12 3497 14 3688">
     <span class='ocr_line' id='line_1_40' title="bbox 12 3497 14 3584; baseline 0 40"><span class='ocrx_word' id='word_1_350' title='bbox 12 3497 14 3584; x_wconf 79' lang='lat' dir='ltr'><strong>t</strong></span> 
     </span>
     <span class='ocr_line' id='line_1_41' title="bbox 12 3627 14 3688; baseline 0 0"><span class='ocrx_word' id='word_1_351' title='bbox 12 3627 14 3688; x_wconf 83' lang='grc' dir='ltr'><strong>ι</strong></span> 
     </span>
    </p>
   </div>
   <div class='ocr_carea' id='block_1_7' title="bbox 0 0 1272 3866">
    <p class='ocr_par' dir='ltr' id='par_1_7' title="bbox 0 0 1272 3866">
     <span class='ocr_line' id='line_1_42' title="bbox 0 0 1272 3866; baseline 0 0"><span class='ocrx_word' id='word_1_352' title='bbox 0 0 1272 3866; x_wconf 95' lang='lat' dir='ltr'><strong> </strong></span> 
     </span>
    </p>
   </div>
  </div>
 </body>
</html>
