2552 3866
309 219 387 268 nar.
402 218 491 266 mrsu.
509 217 605 266 xvrn.
619 215 738 270 te-ao.
757 206 903 289 (cs—tt.)
1041 210 1099 273 143

112 373 181 433 bent
195 376 222 433 in
237 372 378 449 arbustis,
399 381 429 431 ιιι
444 371 609 431 carbunculi
623 388 679 431 non
693 381 826 432 noceant
860 373 907 432 alii
923 374 1003 434 siluri
1019 395 1080 437 car·
1092 388 1144 442 ιιι

111 476 175 516 nem
191 457 296 516 leviter
311 459 352 514 uri
369 465 502 532 evento,
526 465 556 515 ut
572 473 626 534 per
640 463 727 514 totam
745 457 857 514 vincam
877 455 970 516 fumus
990 459 1101 539 dispar·

110 551 201 618 gatur.
232 539 326 600 Varro
349 548 525 628 auctorest,
551 540 575 598 si
597 539 729 599 fidiculae
750 555 873 614 occasu,
902 541 979 617 quod
996 545 1068 602 est'
1059 563 1099 602 ιιι-

110 624 340 698 intumescamus,
367 614 421 681 uva
442 624 520 701 picta
542 631 729 682 consecretur
748 623 823 682 inter
843 623 926 698 vitis,
946 625 1037 684 minus
1051 643 1100 686 no-

89 722 181 767 scere
201 715 398 785 tempestates.
436 704 589 766 Archibius
619 705 655 765 ad
681 704 852 765 Antiochum
879 667 981 780 sy’riae
1002 727 1102 785 regem

13 826 17 840 .
110 792 243 870 scripsit,
273 807 297 848 ιι
289 789 392 848 lictili
417 806 493 849 noro
521 788 658 849 obruatur
682 788 783 849 rubeta
809 807 877 850 rana
899 793 926 848 in
941 791 1033 851 media
1056 811 1101 852 se·

110 883 196 950 gete,
224 891 281 933 non
300 889 366 932 esse
381 874 482 932 noxias
496 880 695 950 tempestates.

174 958 256 1036 (71.)
277 951 372 1034 Opera
387 957 493 1016 rustica
510 956 592 1015 huius
606 957 765 1016 intervalli:
783 965 889 1016 terram
903 959 1019 1035 iterare,
1037 977 1079 1019 ar·
1093 971 1143 1024 295

109 1041 198 1101 bores
213 1039 439 1114 circumfodere,
464 1039 511 1099 nbi
525 1048 661 1099 aestuosa
676 1041 758 1116 regio
779 1049 898 1118 poscat,
920 1041 1102 1103 adcumulare

75 1151 100 1192 10
109 1159 150 1170 —
161 1125 345 1202 germinantia
356 1124 410 1182 nisi
422 1125 450 1181 in
461 1124 527 1182 solo
538 1123 687 1182 luxurioso
702 1122 838 1184 fodienda
852 1140 910 1183 uon
924 1134 1046 1200 suut-,
1055 1145 1100 1186 se·
1123 1161 1129 1172 .

108 1208 224 1270 minaria
240 1225 366 1286 purgare
381 1208 513 1283 sarculo,
533 1223 657 1266 messem
671 1207 863 1267 hordeaceam
878 1208 987 1283 iacere,
1004 1227 1101 1270 aream

109 1295 137 1351 in
151 1309 275 1350 messem
292 1300 371 1351 creta
386 1307 581 1369 praeparare,
609 1287 726 1350 Catonis
742 1294 883 1351 sententia
900 1309 1014 1352 amurca
1029 1303 1100 1353 tern-

109 1383 253 1454 psratam,
276 1373 388 1450 Vergili
408 1376 572 1453 operosius.
602 1374 709 1433 maiore
732 1384 873 1453 exparte
895 1385 1018 1455 aequant
1040 1385 1100 1442 tan:

108 1467 167 1518 tum
180 1468 208 1518 et
223 1459 288 1526 limo
301 1457 409 1517 bubulo
423 1459 556 1518 dilutiore
571 1458 699 1516 inlinunt.
731 1458 759 1518 id
774 1461 843 1518 satis
857 1458 892 1518 ad
908 1459 1037 1538 pulveris
1055 1481 1100 1520 re·

74 1542 366 1607 armediumvidetur.

169 1624 219 1685 30.
241 1624 324 1703 (72.)
343 1623 447 1683 blessis
460 1625 551 1701 ipsius
567 1625 739 1684 reticueris.
763 1624 915 1684 Galliarum
931 1625 1142 1690 latifundiisaao

107 1708 179 1767 valli
194 1707 389 1784 praegrandes
404 1705 535 1766 dentibus
555 1708 584 1766 in
602 1708 731 1782 margine
748 1706 876 1781 infestis,
902 1707 1011 1766 duabus
1028 1712 1099 1768 rotis

108 1809 162 1871 per
185 1800 315 1867 segetem
335 1789 534 1867 inpelluntur,
549 1791 673 1852 iumento
695 1792 723 1848 in
746 1791 918 1848 contrarium
932 1792 1039 1850 iuncto.
1062 1794 1101 1852 ita

109 1875 270 1953 dereptae
261 1891 290 1932 nn
302 1872 408 1934 vallum
421 1871 523 1932 cadunt
539 1876 647 1952 spicae.
675 1874 798 1972 stipulae
812 1871 879 1933 alibi
894 1873 1006 1933 mediae
1022 1874 1100 1934 falae

73 1987 99 2028 20
109 1958 312 2038 praeciduntur
336 1965 422 2040 atque
447 1957 521 2015 inter
543 1958 613 2017 duas
635 1957 773 2034 mergites
799 1959 879 2034 spica
905 1957 1098 2034 destringitur.

110 2041 178 2102 alibi
203 2041 238 2101 ab
252 2041 352 2101 radice
372 2039 497 2115 vellunt,
525 2042 630 2119 quique
655 2041 683 2101 id
709 2037 815 2100 iaciunt
836 2041 983 2119 proscindi
1003 2041 1038 2101 ab
1067 2060 1099 2100 se

110 2126 204 2186 obiter
224 2141 323 2201 agrum
351 2125 590 2201 interpretantur,
621 2141 683 2182 cnm
698 2125 847 2183 extrahant
862 2142 969 2184 sucum.
998 2125 1078 2184 dilie-
1090 2133 1141 2189 ret

109 2211 201 2270 rentia
215 2208 301 2269 haec:
333 2207 382 2266 nbi
399 2207 503 2284 stipula
518 2207 620 2267 domos
634 2216 789 2283 contegunt
808 2225 891 2283 quam
906 2206 1099 2282 longissimam

110 2303 243 2369 servant,
271 2292 319 2352 ubi
341 2290 429 2351 ieni
421 2291 516 2370 mopia
539 2301 600 2366 est,
634 2299 788 2350 stramento
815 2291 926 2368 paleam
950 2301 1098 2368 quaerunt

1 2389 2 2392 ’
75 2377 314 2456 aspaniciculmo
336 2393 393 2435 uon
412 2384 527 2472 tegunt,
551 2374 609 2435 mili
625 2375 746 2435 culmum
767 2374 971 2447 iereinurunt,
997 2373 1100 2433 hordei

111 2461 242 2538 stipulam
260 2459 351 2520 bubus
373 2454 561 2536 gratissimam
578 2469 702 2519 servant.
733 2459 863 2538 panicum
879 2466 907 2516 et
922 2458 1068 2517 milium
1044 2475 1120 2528 sm·

110 2544 230 2621 gillatim
250 2544 365 2621 pectine
386 2540 507 2602 manuali
528 2543 627 2619 legunt
648 2542 768 2604 Galliae.
802 2541 935 2602 blessis
926 2559 988 2620 rpsa
1012 2540 1143 2604 alrb1298

110 2627 244 2687 tribulis
236 2645 264 2684 ιιι
279 2644 357 2701 area,
375 2625 441 2686 alibi
457 2642 592 2702 equarum
605 2625 755 2704 gressibus
775 2627 924 2700 exteritur,
947 2625 1016 2690 alibi
1033 2642 1098 2703 per·

110 2711 175 2770 ticis
190 2708 359 2786 flagellatur
388 2710 510 2768 triticum
532 2725 587 2786 quo
604 2711 695 2769 serius
716 2712 830 2770 metitur
849 2711 997 2787 copiosius
1020 2710 1098 2768 inve-

75 2796 203 2870 aonitur,
230 2809 286 2870 quo
310 2793 434 2852 celerius
451 2808 522 2850 vero
547 2791 603 2850 hoc
628 2793 789 2870 speciosius
809 2809 844 2850 ac
864 2791 1018 2851 robustius.
1051 2793 1100 2850 lex

111 2878 274 2973 aptissima,
297 2885 645 2954 antequamgrauum
661 2875 924 2934 indurescatet
941 2892 1016 2934 cum
1032 2878 1099 2933 iam

112 2961 272 3021 traxerit
300 2958 478 3034 colorem,
509 2957 654 3017 oraculum
683 2975 754 3020 vero
791 2953 900 3017 bidbo
932 2958 1098 3017 celerius

111 3061 262 3104 messem
281 3043 411 3102 iacere
433 3041 797 3139 potiusquambidno
814 3042 946 3100 serius.
960 3039 1098 3115 siliginis

1 3170 3 3180 ·
113 3137 143 3188 et
161 3128 245 3198 tritici
261 3127 361 3186 eadem
378 3125 450 3183 ratio
467 3126 493 3182 in
510 3142 577 3184 area
592 3125 766 3202 horreoque.
795 3123 850 3198 far,
867 3125 932 3203 quia
945 3121 1099 3182 diiiiculter

79 3211 272 3284 asexcntitur,
299 3209 431 3270 convenit
450 3226 512 3268 curn
533 3209 617 3287 palea
638 3225 688 3268 sua
705 3209 805 3283 condi,
830 3215 859 3266 et
873 3204 976 3286 stipula
992 3215 1098 3266 tantum

114 3305 142 3354 et
160 3292 415 3358 aristis-liberatur.
445 3291 530 3350 Palea
551 3292 648 3370 plnres
663 3293 787 3368 gentium
803 3307 856 3369 pro
871 3290 938 3352 leuc
954 3297 1076 3349 utuntur.
1089 3297 1141 3352 299

113 3379 215 3438 melior
230 3394 264 3436 ea
286 3392 342 3455 quo
361 3377 473 3435 tenuior
491 3375 678 3455 minutiorque
694 3385 723 3434 et
737 3375 850 3454 pulveri
869 3375 1003 3453 propior,
1031 3373 1098 3432 ideo

115 3470 229 3540 optuma
250 3479 267 3519 e
288 3459 383 3535 milio,
410 3475 546 3535 proxuma
569 3478 605 3518 ex
627 3458 754 3537 hordeo,
777 3475 910 3536 pessuma
938 3475 976 3517 ex
992 3458 1105 3531 tritico,
