2534 3866
130 198 422 247 NAT.HIST.xvt1.
445 194 621 249 tt—xvru.
638 199 665 250 1.
690 186 975 271 <aurunt—mu.
996 196 1037 273 1.)
1060 193 1100 256 93

15 421 16 436 χ
109 356 189 414 iuxta
201 354 228 418 iu
240 371 324 414 unum
338 353 432 413 locum
445 360 623 430 congregant
635 361 683 411 aut
698 351 796 432 lupino
812 357 879 415 trito
898 375 960 416 cunr
976 358 1043 419 oleo
1055 379 1100 422 ra-

15 449 16 526 }
109 436 191 498 dices
208 436 307 496 linunt.
340 437 419 496 multi
435 447 464 496 et
479 438 572 515 talpas
591 453 706 496 amurca
726 447 1021 538 ιιιιιιιι,ροιιιιιιιιιι
1036 463 1100 504 uru-

15 527 17 564 i
109 539 171 596 cas,
184 529 214 579 et
224 521 298 580 maia
312 539 349 580 ne
357 529 535 599 putrescant,
549 520 652 580 lacerti
662 520 762 580 viridis
778 520 849 580 ielle
863 525 942 600 tangi
956 529 1101 588 cacumina

15 565 17 658 b
107 604 224 678 iubent,
244 605 375 682 privatim
387 613 481 664 autem
498 610 595 663 eontra
607 620 711 663 urucas
726 604 826 663 ambiri
841 605 962 667 arbores
974 609 1101 686 singulas

82 687 263 750 samniicre
279 689 386 748 incitati
402 688 525 760 mensis,
541 685 622 747 nudis
636 687 775 764 pedibus,
793 689 931 750 recincta.
958 693 1027 751 item
1044 703 1143 759 cenot

109 771 187 850 quod
199 772 301 831 animai
314 781 397 849 pastu
412 771 544 831 malefico
558 769 698 870 decerpat
715 771 861 849 frondem,
878 773 944 834 iimo
963 773 1049 834 boum
1061 776 1101 836 di-

108 856 169 916 luto
182 873 281 932 sparqr
274 855 380 930 iulia,
399 855 532 934 quotiens
546 855 662 914 imber
653 857 840 930 interveniat,
859 859 992 934 quoniam
1004 859 1101 920 ablua-

107 949 154 1000 tur
164 940 204 1000 ita
215 941 293 998 virus
305 939 517 1014 medicaminis,
533 939 603 998 mira
619 939 759 1017 quaedam
771 942 957 1017 excogitante
970 942 1102 1003 sollertia

108 1023 245 1097 bumana,
265 1025 373 1102 quippe
389 1025 452 1083 crim
469 1023 559 1082 auerti
575 1020 729 1099 &audineo
742 1024 867 1082 carmine
885 1024 1003 1085 credant
1014 1027 1102 1104 pieri-

74 1126 99 1166 rc
110 1125 178 1185 qne,
186 1109 267 1167 cuius
278 1106 369 1165 verba
381 1108 512 1165 inserere
523 1123 580 1165 non
592 1105 724 1184 equidem
736 1107 814 1166 serie
827 1108 1103 1188 ausim,quamquam

109 1210 125 1251 a
138 1188 248 1251 Getone
264 1189 385 1268 proditis
398 1191 497 1249 contra
508 1189 607 1249 luxata
616 1189 742 1250 membra
759 1189 902 1265 iungenda
916 1193 1102 1253 harundinum

109 1275 239 1334 fissurae.
274 1273 350 1334 idem
365 1273 486 1333 arbores
501 1273 657 1350 religiosas
675 1273 816 1350 lucosque
836 1273 946 1335 succidi
962 1279 1101 1354 permisit,

109 1358 251 1418 sacrificio
263 1358 342 1436 prius
354 1357 450 1432 iacto,
469 1358 548 1416 cuius
566 1357 610 1417 cei
625 1358 765 1417 rationem
782 1361 1038 1438 precationemque
1052 1379 1102 1421 eo·

109 1441 328 1502 demvolumine
341 1441 465 1501 tradidit.
507 1477 511 1482 -
595 1462 598 1474 ·

492 1679 701 1692 --—=—-———

374 1879 409 1963 u.
438 1863 583 1964 ιιιιι
611 1841 842 1964 suuntur

217 2047 586 2147 tribuitis
625 2048 1000 2146 bttttttlnt

428 2225 778 2292 nrmunxunr.

176 2517 246 2596 Gap.
265 2519 291 2576 1.
316 2517 408 2599 (Sect.
427 2518 471 2595 1.)
495 2518 630 2595 Sequitur
650 2527 749 2577 natura
770 2519 882 2594 frugum
900 2517 1131 2594 hortorumquel

113 2601 263 2671 aciiorum
285 2618 417 2679 quaeque
433 2599 488 2660 alia
508 2609 625 2678 praeter
639 2600 759 2661 arbores
784 2611 832 2661 aut
845 2601 965 2661 frutices
980 2601 1104 2677 benigna

113 2687 218 2746 tellure
233 2686 434 2784 prouenipnt.
431 2683 479 2741 vel
491 2701 544 2760 per
558 2701 591 2742 se
606 2693 712 2743 tantum
726 2685 878 2744 herbarum
892 2687 1018 2745 inmensa
1035 2701 1102 2744 cen·
1176 2683 1178 2690 ’

77 2769 362 2848 completione,
339 2788 362 2827 ιι
387 2767 450 2845 quis
472 2767 602 2826 aestimet
623 2767 808 2843 varietatem,
825 2785 985 2842 numerum,
1002 2769 1103 2840 ilonea,

114 2854 222 2916 odores
239 2853 413 2934 coloresque
438 2859 468 2910 et
490 2866 577 2908 sucos
600 2867 634 2909 ae
655 2849 724 2908 viris
743 2851 840 2908 aarum
857 2867 928 2926 quas
943 2851 1041 2909 salutis
1057 2859 1105 2908 aut

113 2936 296 3014 voluptatis
298 2927 440 2996 hominum
464 2921 563 3011 qratia
588 2933 687 3008 gignit.
733 2949 788 3010 qua
813 2935 842 2992 in
873 2944 954 3011 parte
983 2935 1104 3010 primurn

10 3029 12 3086 i
115 3023 238 3082 omnium
268 3019 442 3100 patrocinari
472 3024 570 3077 terrae
608 3025 637 3074 et
664 3016 768 3077 adesse
797 3025 962 3088 cunctorum
993 3015 1104 3093 parenti

113 3108 206 3179 iuvat,
223 3119 393 3202 quamquam
407 3103 480 3160 inter
499 3101 576 3160 initia
598 3100 694 3177 operis
713 3099 860 3160 defensae.
895 3099 1026 3175 quomam
1034 3099 1136 3186 stuwi

77 3199 210 3250 etiamn
231 3189 295 3265 ipsa
314 3185 432 3247 materia
451 3185 582 3245 accendit
602 3183 677 3242 intus
696 3183 731 3244 ad
751 3183 960 3261 reputationem
978 3183 1106 3245 eiusdem

116 3271 254 3352 parientis
267 3280 296 3331 et
309 3272 404 3344 noxia,
421 3270 524 3328 nostris
537 3285 601 3329 eam
616 3267 778 3327 criminibus
795 3285 950 3343 urguemus
966 3276 1105 3328 nostram·

117 3375 172 3434 que
188 3355 301 3433 cuipam
315 3354 377 3412 illi
369 3363 536 3432 inputamus.
566 3353 663 3430 genuit
676 3369 798 3412 venena
824 3353 926 3428 ecquis
936 3351 1042 3410 inuenit
1056 3347 1106 3410 itta

117 3448 235 3518 praeter
250 3433 411 3498 bominem?
440 3453 544 3496 cavere
559 3453 594 3496 ac
608 3435 744 3512 refugere
763 3433 878 3495 alitibus
891 3435 1019 3512 feriaque
1036 3435 1106 3493 eatis
