<?xml version="1.0" encoding="UTF-8"?>
<!DOCTYPE html PUBLIC "-//W3C//DTD XHTML 1.0 Transitional//EN"
    "http://www.w3.org/TR/xhtml1/DTD/xhtml1-transitional.dtd">
<html xmlns="http://www.w3.org/1999/xhtml" xml:lang="en" lang="en">
 <head>
  <title>
</title>
<meta http-equiv="Content-Type" content="text/html;charset=utf-8" />
  <meta name='ocr-system' content='tesseract 3.04.00' />
  <meta name='ocr-capabilities' content='ocr_page ocr_carea ocr_par ocr_line ocrx_word'/>
</head>
<body>
  <div class='ocr_page' id='page_1' title='image "./cplinisecundina23plingoog_0334.png"; bbox 0 0 2538 3864; ppageno 0'>
   <div class='ocr_carea' id='block_1_1' title="bbox 315 117 1115 235">
    <p class='ocr_par' dir='ltr' id='par_1_1' title="bbox 315 117 1115 235">
     <span class='ocr_line' id='line_1_1' title="bbox 315 117 1115 235; baseline 0.005 -19"><span class='ocrx_word' id='word_1_1' title='bbox 315 117 319 130; x_wconf 32' lang='lat'><strong>⁸</strong></span> <span class='ocrx_word' id='word_1_2' title='bbox 343 140 436 217; x_wconf 71' lang='lat' dir='ltr'><strong>&#39;svau</strong></span> <span class='ocrx_word' id='word_1_3' title='bbox 450 119 541 217; x_wconf 77' lang='lat' dir='ltr'><strong>auen.</strong></span> <span class='ocrx_word' id='word_1_4' title='bbox 556 165 643 216; x_wconf 76' lang='lat' dir='ltr'><strong>xnu.</strong></span> <span class='ocrx_word' id='word_1_5' title='bbox 659 166 702 218; x_wconf 84' lang='lat' dir='ltr'><strong>al.</strong></span> <span class='ocrx_word' id='word_1_6' title='bbox 721 157 875 235; x_wconf 78' lang='lat' dir='ltr'><strong>(ao-ao.)</strong></span> <span class='ocrx_word' id='word_1_7' title='bbox 962 121 968 130; x_wconf 39' lang='lat'>⁵</span> <span class='ocrx_word' id='word_1_8' title='bbox 1053 157 1115 222; x_wconf 79' lang='lat'><strong>277</strong></span> 
     </span>
    </p>
   </div>
   <div class='ocr_carea' id='block_1_2' title="bbox 109 279 1178 407">
    <p class='ocr_par' dir='ltr' id='par_1_2' title="bbox 109 279 1178 407">
     <span class='ocr_line' id='line_1_2' title="bbox 109 279 1178 407; baseline 0.003 -25"><span class='ocrx_word' id='word_1_9' title='bbox 109 279 170 384; x_wconf 85' lang='lat' dir='ltr'><strong>sale</strong></span> <span class='ocrx_word' id='word_1_10' title='bbox 185 322 262 384; x_wconf 90' lang='lat' dir='ltr'><strong>tollit</strong></span> <span class='ocrx_word' id='word_1_11' title='bbox 281 339 399 383; x_wconf 82' lang='lat' dir='ltr'><strong>secuse</strong></span> <span class='ocrx_word' id='word_1_12' title='bbox 415 321 502 398; x_wconf 89' lang='lat' dir='ltr'><strong>iulio,</strong></span> <span class='ocrx_word' id='word_1_13' title='bbox 523 319 598 382; x_wconf 90' lang='lat' dir='ltr'><strong>unde</strong></span> <span class='ocrx_word' id='word_1_14' title='bbox 613 324 706 383; x_wconf 78' lang='lat' dir='ltr'><strong>nostri</strong></span> <span class='ocrx_word' id='word_1_15' title='bbox 721 324 917 384; x_wconf 78' lang='lat' dir='ltr'><strong>verrucariam</strong></span> <span class='ocrx_word' id='word_1_16' title='bbox 933 324 1052 388; x_wconf 79' lang='lat' dir='ltr'><strong>herbam</strong></span> <span class='ocrx_word' id='word_1_17' title='bbox 1064 345 1115 407; x_wconf 88' lang='lat' dir='ltr'><strong>ap·</strong></span> <span class='ocrx_word' id='word_1_18' title='bbox 1176 336 1178 344; x_wconf 81' lang='grc'><em>’</em></span> 
     </span>
    </p>
   </div>
   <div class='ocr_carea' id='block_1_3' title="bbox 10 405 1259 3502">
    <p class='ocr_par' dir='ltr' id='par_1_3' title="bbox 10 405 1259 3502">
     <span class='ocr_line' id='line_1_3' title="bbox 108 405 1116 488; baseline 0.006 -22"><span class='ocrx_word' id='word_1_19' title='bbox 108 405 259 486; x_wconf 85' lang='lat' dir='ltr'><strong>pellavcre</strong></span> <span class='ocrx_word' id='word_1_20' title='bbox 273 407 338 467; x_wconf 87' lang='lat' dir='ltr'><strong>allis</strong></span> <span class='ocrx_word' id='word_1_21' title='bbox 356 407 553 484; x_wconf 77' lang='lat' dir='ltr'><strong>cognominari</strong></span> <span class='ocrx_word' id='word_1_22' title='bbox 574 406 727 466; x_wconf 71' lang='lat' dir='ltr'><strong>effectibus</strong></span> <span class='ocrx_word' id='word_1_23' title='bbox 743 407 913 484; x_wconf 71' lang='lat' dir='ltr'><strong>digniorem.</strong></span> <span class='ocrx_word' id='word_1_24' title='bbox 945 425 1068 488; x_wconf 85' lang='lat' dir='ltr'><strong>namque</strong></span> <span class='ocrx_word' id='word_1_25' title='bbox 1085 420 1116 472; x_wconf 87' lang='lat' dir='ltr'><strong>et</strong></span> 
     </span>
     <span class='ocr_line' id='line_1_4' title="bbox 107 489 1114 570; baseline 0.003 -20"><span class='ocrx_word' id='word_1_26' title='bbox 107 489 291 569; x_wconf 82' lang='lat' dir='ltr'>serpentibus</span> <span class='ocrx_word' id='word_1_27' title='bbox 307 499 338 550; x_wconf 88' lang='lat' dir='ltr'><strong>et</strong></span> <span class='ocrx_word' id='word_1_28' title='bbox 350 490 555 569; x_wconf 70' lang='lat' dir='ltr'><strong>scorpionibus</strong></span> <span class='ocrx_word' id='word_1_29' title='bbox 575 491 687 550; x_wconf 73' lang='lat' dir='ltr'><strong>resistit</strong></span> <span class='ocrx_word' id='word_1_30' title='bbox 701 508 738 550; x_wconf 87' lang='lat' dir='ltr'><strong>ex</strong></span> <span class='ocrx_word' id='word_1_31' title='bbox 758 493 826 551; x_wconf 83' lang='lat' dir='ltr'><strong>vino</strong></span> <span class='ocrx_word' id='word_1_32' title='bbox 847 500 896 552; x_wconf 90' lang='lat' dir='ltr'><strong>aut</strong></span> <span class='ocrx_word' id='word_1_33' title='bbox 916 509 991 570; x_wconf 84' lang='lat' dir='ltr'><strong>aqua</strong></span> <span class='ocrx_word' id='word_1_34' title='bbox 1011 493 1114 570; x_wconf 86' lang='lat' dir='ltr'><strong>mulsa,</strong></span> 
     </span>
     <span class='ocr_line' id='line_1_5' title="bbox 107 573 1115 656; baseline 0.003 -23"><span class='ocrx_word' id='word_1_35' title='bbox 107 585 138 634; x_wconf 90' lang='lat' dir='ltr'><strong>ut</strong></span> <span class='ocrx_word' id='word_1_36' title='bbox 152 573 375 655; x_wconf 79' lang='lat' dir='ltr'><strong>Apollophanes</strong></span> <span class='ocrx_word' id='word_1_37' title='bbox 393 583 422 634; x_wconf 89' lang='lat' dir='ltr'><strong>et</strong></span> <span class='ocrx_word' id='word_1_38' title='bbox 437 573 636 656; x_wconf 75' lang='lat' dir='ltr'><strong>Apollodorus</strong></span> <span class='ocrx_word' id='word_1_39' title='bbox 659 575 783 636; x_wconf 75' lang='lat' dir='ltr'><strong>tradant.</strong></span> <span class='ocrx_word' id='word_1_40' title='bbox 812 575 883 636; x_wconf 89' lang='lat' dir='ltr'><strong>iolia</strong></span> <span class='ocrx_word' id='word_1_41' title='bbox 902 576 1048 636; x_wconf 78' lang='lat' dir='ltr'><strong>infantium</strong></span> <span class='ocrx_word' id='word_1_42' title='bbox 1065 577 1115 636; x_wconf 91' lang='lat' dir='ltr'><strong>de·</strong></span> 
     </span>
     <span class='ocr_line' id='line_1_6' title="bbox 85 657 1116 739; baseline 0.003 -22"><span class='ocrx_word' id='word_1_43' title='bbox 85 657 329 735; x_wconf 48' lang='lat' dir='ltr'><strong>,stillationibnu</strong></span> <span class='ocrx_word' id='word_1_44' title='bbox 357 659 436 739; x_wconf 92' lang='lat' dir='ltr'><strong>quod</strong></span> <span class='ocrx_word' id='word_1_45' title='bbox 455 660 577 736; x_wconf 84' lang='lat' dir='ltr'><strong>siriasim</strong></span> <span class='ocrx_word' id='word_1_46' title='bbox 596 667 719 735; x_wconf 84' lang='lat' dir='ltr'><strong>vocant,</strong></span> <span class='ocrx_word' id='word_1_47' title='bbox 747 659 828 720; x_wconf 89' lang='lat' dir='ltr'><strong>inlita</strong></span> <span class='ocrx_word' id='word_1_48' title='bbox 841 659 1020 735; x_wconf 79' lang='lat' dir='ltr'><strong>nodantur,</strong></span> <span class='ocrx_word' id='word_1_49' title='bbox 1047 661 1116 720; x_wconf 76' lang='lat' dir='ltr'><strong>item</strong></span> 
     </span>
     <span class='ocr_line' id='line_1_7' title="bbox 110 741 1196 822; baseline 0.002 -20"><span class='ocrx_word' id='word_1_50' title='bbox 110 741 369 820; x_wconf 87' lang='lat' dir='ltr'><strong>contractionibus,</strong></span> <span class='ocrx_word' id='word_1_51' title='bbox 386 744 472 803; x_wconf 84' lang='lat' dir='ltr'><strong>etiam</strong></span> <span class='ocrx_word' id='word_1_52' title='bbox 483 743 508 802; x_wconf 85' lang='lat' dir='ltr'><strong>si</strong></span> <span class='ocrx_word' id='word_1_53' title='bbox 519 742 548 802; x_wconf 95' lang='lat' dir='ltr'><strong>id</strong></span> <span class='ocrx_word' id='word_1_54' title='bbox 561 743 744 803; x_wconf 87' lang='lat' dir='ltr'><strong>comitialiter</strong></span> <span class='ocrx_word' id='word_1_55' title='bbox 755 743 877 804; x_wconf 84' lang='lat' dir='ltr'><strong>accidat.</strong></span> <span class='ocrx_word' id='word_1_56' title='bbox 906 743 1032 804; x_wconf 85' lang='lat' dir='ltr'><strong>decocto</strong></span> <span class='ocrx_word' id='word_1_57' title='bbox 1045 761 1116 822; x_wconf 90' lang='lat' dir='ltr'><strong>quo·</strong></span> <span class='ocrx_word' id='word_1_58' title='bbox 1191 742 1196 751; x_wconf 83' lang='lat'>&#39;</span> 
     </span>
     <span class='ocr_line' id='line_1_8' title="bbox 24 825 1118 907; baseline 0.001 -21"><span class='ocrx_word' id='word_1_59' title='bbox 24 825 29 829; x_wconf 83' lang='grc'><strong><em>’</em></strong></span> <span class='ocrx_word' id='word_1_60' title='bbox 109 843 165 904; x_wconf 88' lang='lat' dir='ltr'><strong>que</strong></span> <span class='ocrx_word' id='word_1_61' title='bbox 186 825 281 892; x_wconf 73' lang='lat' dir='ltr'><strong>foueri</strong></span> <span class='ocrx_word' id='word_1_62' title='bbox 303 843 336 888; x_wconf 91' lang='lat' dir='ltr'><strong>os</strong></span> <span class='ocrx_word' id='word_1_63' title='bbox 358 827 577 907; x_wconf 78' lang='lat' dir='ltr'><strong>saluberrimum</strong></span> <span class='ocrx_word' id='word_1_64' title='bbox 599 836 655 887; x_wconf 54' lang='lat' dir='ltr'><strong>est,</strong></span> <span class='ocrx_word' id='word_1_65' title='bbox 690 835 790 906; x_wconf 87' lang='lat' dir='ltr'><strong>potum</strong></span> <span class='ocrx_word' id='word_1_66' title='bbox 810 827 839 890; x_wconf 90' lang='lat' dir='ltr'><strong>id</strong></span> <span class='ocrx_word' id='word_1_67' title='bbox 855 827 940 905; x_wconf 91' lang='lat' dir='ltr'><strong>pellit</strong></span> <span class='ocrx_word' id='word_1_68' title='bbox 960 829 1072 888; x_wconf 68' lang='lat' dir='ltr'><strong>taeniae</strong></span> <span class='ocrx_word' id='word_1_69' title='bbox 1087 835 1118 887; x_wconf 87' lang='lat' dir='ltr'><strong>et</strong></span> 
     </span>
     <span class='ocr_line' id='line_1_9' title="bbox 108 909 1114 989; baseline -0.001 -18"><span class='ocrx_word' id='word_1_70' title='bbox 108 911 218 971; x_wconf 86' lang='lat' dir='ltr'><strong>renium</strong></span> <span class='ocrx_word' id='word_1_71' title='bbox 231 910 366 972; x_wconf 87' lang='lat' dir='ltr'><strong>harenas.</strong></span> <span class='ocrx_word' id='word_1_72' title='bbox 396 912 422 971; x_wconf 93' lang='lat' dir='ltr'><strong>si</strong></span> <span class='ocrx_word' id='word_1_73' title='bbox 438 913 578 972; x_wconf 85' lang='lat' dir='ltr'><strong>cuminum</strong></span> <span class='ocrx_word' id='word_1_74' title='bbox 592 909 749 989; x_wconf 88' lang='lat' dir='ltr'><strong>adiciatur,</strong></span> <span class='ocrx_word' id='word_1_75' title='bbox 768 911 899 972; x_wconf 83' lang='lat' dir='ltr'><strong>calculos</strong></span> <span class='ocrx_word' id='word_1_76' title='bbox 915 911 1032 988; x_wconf 74' lang='lat' dir='ltr'><strong>hanqiu.</strong></span> <span class='ocrx_word' id='word_1_77' title='bbox 1056 911 1114 976; x_wconf 45' lang='lat' dir='ltr'><strong>,des</strong></span> 
     </span>
     <span class='ocr_line' id='line_1_10' title="bbox 108 994 1177 1078; baseline 0.001 -23"><span class='ocrx_word' id='word_1_78' title='bbox 108 997 195 1073; x_wconf 93' lang='lat' dir='ltr'><strong>coqui</strong></span> <span class='ocrx_word' id='word_1_79' title='bbox 208 1012 271 1054; x_wconf 86' lang='lat' dir='ltr'><strong>cunr</strong></span> <span class='ocrx_word' id='word_1_80' title='bbox 285 995 385 1056; x_wconf 88' lang='lat' dir='ltr'><strong>radice</strong></span> <span class='ocrx_word' id='word_1_81' title='bbox 401 1003 535 1073; x_wconf 82' lang='lat' dir='ltr'><strong>oportet,</strong></span> <span class='ocrx_word' id='word_1_82' title='bbox 550 1011 626 1074; x_wconf 87' lang='lat' dir='ltr'><strong>qnae</strong></span> <span class='ocrx_word' id='word_1_83' title='bbox 642 996 794 1074; x_wconf 26' lang='lat' dir='ltr'><strong>cum-,ioliis</strong></span> <span class='ocrx_word' id='word_1_84' title='bbox 807 1001 837 1055; x_wconf 88' lang='lat' dir='ltr'><strong>et</strong></span> <span class='ocrx_word' id='word_1_85' title='bbox 851 994 963 1056; x_wconf 79' lang='lat' dir='ltr'><strong>hircino</strong></span> <span class='ocrx_word' id='word_1_86' title='bbox 977 994 1052 1054; x_wconf 87' lang='lat' dir='ltr'><strong>scbo</strong></span> <span class='ocrx_word' id='word_1_87' title='bbox 1064 1012 1116 1073; x_wconf 91' lang='lat' dir='ltr'><strong>po·</strong></span> <span class='ocrx_word' id='word_1_88' title='bbox 1174 1065 1177 1078; x_wconf 45' lang='lat'><strong>,</strong></span> 
     </span>
     <span class='ocr_line' id='line_1_11' title="bbox 72 1078 1205 1158; baseline 0.003 -21"><span class='ocrx_word' id='word_1_89' title='bbox 72 1098 97 1139; x_wconf 83' lang='grc' dir='ltr'><strong>ιο</strong></span> <span class='ocrx_word' id='word_1_90' title='bbox 108 1079 206 1156; x_wconf 82' lang='lat' dir='ltr'><strong>dagris</strong></span> <span class='ocrx_word' id='word_1_91' title='bbox 222 1078 356 1138; x_wconf 83' lang='lat' dir='ltr'><strong>inlinitur.</strong></span> <span class='ocrx_word' id='word_1_92' title='bbox 387 1080 519 1140; x_wconf 80' lang='lat' dir='ltr'><strong>Alterum</strong></span> <span class='ocrx_word' id='word_1_93' title='bbox 529 1095 624 1156; x_wconf 82' lang='lat' dir='ltr'><strong>genus</strong></span> <span class='ocrx_word' id='word_1_94' title='bbox 639 1078 716 1156; x_wconf 94' lang='lat' dir='ltr'><strong>quod</strong></span> <span class='ocrx_word' id='word_1_95' title='bbox 730 1081 890 1140; x_wconf 75' lang='lat' dir='ltr'><strong>tricoccum</strong></span> <span class='ocrx_word' id='word_1_96' title='bbox 906 1079 1118 1158; x_wconf 83' lang='lat' dir='ltr'><strong>appellavimus</strong></span> <span class='ocrx_word' id='word_1_97' title='bbox 1126 1086 1161 1142; x_wconf 85' lang='lat'><strong>60</strong></span> <span class='ocrx_word' id='word_1_98' title='bbox 1203 1146 1205 1154; x_wconf 26' lang='lat'><strong><em>¹</em></strong></span> 
     </span>
     <span class='ocr_line' id='line_1_12' title="bbox 10 1162 1117 1244; baseline -0.001 -21"><span class='ocrx_word' id='word_1_99' title='bbox 10 1181 11 1186; x_wconf 49' lang='lat'>¹</span> <span class='ocrx_word' id='word_1_100' title='bbox 107 1173 137 1224; x_wconf 89' lang='lat' dir='ltr'><strong>et</strong></span> <span class='ocrx_word' id='word_1_101' title='bbox 157 1163 215 1223; x_wconf 89' lang='lat' dir='ltr'><strong>alio</strong></span> <span class='ocrx_word' id='word_1_102' title='bbox 237 1164 353 1224; x_wconf 86' lang='lat' dir='ltr'><strong>nomine</strong></span> <span class='ocrx_word' id='word_1_103' title='bbox 372 1165 544 1244; x_wconf 84' lang='lat' dir='ltr'><strong>csorpturou</strong></span> <span class='ocrx_word' id='word_1_104' title='bbox 564 1171 702 1238; x_wconf 82' lang='lat' dir='ltr'><strong>vocatur,</strong></span> <span class='ocrx_word' id='word_1_105' title='bbox 723 1163 802 1224; x_wconf 90' lang='lat' dir='ltr'><strong>loliis</strong></span> <span class='ocrx_word' id='word_1_106' title='bbox 818 1175 876 1222; x_wconf 87' lang='lat' dir='ltr'><strong>non</strong></span> <span class='ocrx_word' id='word_1_107' title='bbox 892 1163 986 1222; x_wconf 86' lang='lat' dir='ltr'><strong>solum</strong></span> <span class='ocrx_word' id='word_1_108' title='bbox 1000 1162 1117 1223; x_wconf 86' lang='lat' dir='ltr'><strong>minori·</strong></span> 
     </span>
     <span class='ocr_line' id='line_1_13' title="bbox 106 1245 1117 1324; baseline -0.001 -17"><span class='ocrx_word' id='word_1_109' title='bbox 106 1247 160 1308; x_wconf 89' lang='lat' dir='ltr'><strong>hus</strong></span> <span class='ocrx_word' id='word_1_110' title='bbox 180 1246 233 1307; x_wconf 88' lang='lat' dir='ltr'><strong>sed</strong></span> <span class='ocrx_word' id='word_1_111' title='bbox 256 1249 342 1308; x_wconf 84' lang='lat' dir='ltr'><strong>etiarn</strong></span> <span class='ocrx_word' id='word_1_112' title='bbox 363 1247 392 1306; x_wconf 89' lang='lat' dir='ltr'><strong>in</strong></span> <span class='ocrx_word' id='word_1_113' title='bbox 412 1257 520 1308; x_wconf 80' lang='lat' dir='ltr'><strong>terram</strong></span> <span class='ocrx_word' id='word_1_114' title='bbox 544 1246 742 1324; x_wconf 75' lang='lat' dir='ltr'><strong>vergentibus.</strong></span> <span class='ocrx_word' id='word_1_115' title='bbox 778 1263 878 1307; x_wconf 84' lang='lat' dir='ltr'><strong>sennen</strong></span> <span class='ocrx_word' id='word_1_116' title='bbox 899 1249 928 1306; x_wconf 89' lang='lat' dir='ltr'><strong>ei</strong></span> <span class='ocrx_word' id='word_1_117' title='bbox 952 1256 997 1306; x_wconf 89' lang='lat' dir='ltr'><strong>cst</strong></span> <span class='ocrx_word' id='word_1_118' title='bbox 1018 1245 1117 1324; x_wconf 72' lang='lat' dir='ltr'><strong>eligis</strong></span> 
     </span>
     <span class='ocr_line' id='line_1_14' title="bbox 106 1331 1259 1412; baseline -0.002 -20"><span class='ocrx_word' id='word_1_119' title='bbox 106 1331 272 1410; x_wconf 88' lang='lat' dir='ltr'><strong>scorpionis</strong></span> <span class='ocrx_word' id='word_1_120' title='bbox 291 1331 416 1407; x_wconf 84' lang='lat' dir='ltr'><strong>caudae,</strong></span> <span class='ocrx_word' id='word_1_121' title='bbox 438 1347 529 1411; x_wconf 86' lang='lat' dir='ltr'><strong>quare</strong></span> <span class='ocrx_word' id='word_1_122' title='bbox 550 1347 665 1390; x_wconf 86' lang='lat' dir='ltr'><strong>nomen.</strong></span> <span class='ocrx_word' id='word_1_123' title='bbox 697 1331 742 1391; x_wconf 83' lang='lat' dir='ltr'><strong>vis</strong></span> <span class='ocrx_word' id='word_1_124' title='bbox 761 1331 909 1392; x_wconf 85' lang='lat' dir='ltr'><strong>adomnia</strong></span> <span class='ocrx_word' id='word_1_125' title='bbox 929 1339 1073 1412; x_wconf 82' lang='lat' dir='ltr'><strong>venenata</strong></span> <span class='ocrx_word' id='word_1_126' title='bbox 1088 1339 1117 1390; x_wconf 90' lang='lat' dir='ltr'><strong>et</strong></span> <span class='ocrx_word' id='word_1_127' title='bbox 1236 1345 1259 1378; x_wconf 63' lang='lat' dir='ltr'><strong>‚u</strong></span> 
     </span>
     <span class='ocr_line' id='line_1_15' title="bbox 107 1413 1187 1494; baseline -0.001 -19"><span class='ocrx_word' id='word_1_128' title='bbox 107 1414 277 1494; x_wconf 79' lang='lat' dir='ltr'><strong>phalangia,</strong></span> <span class='ocrx_word' id='word_1_129' title='bbox 293 1415 346 1474; x_wconf 91' lang='lat' dir='ltr'><strong>sed</strong></span> <span class='ocrx_word' id='word_1_130' title='bbox 359 1423 460 1476; x_wconf 90' lang='lat' dir='ltr'><strong>contra</strong></span> <span class='ocrx_word' id='word_1_131' title='bbox 470 1415 644 1493; x_wconf 89' lang='lat' dir='ltr'><strong>scorpiones</strong></span> <span class='ocrx_word' id='word_1_132' title='bbox 656 1416 816 1494; x_wconf 85' lang='lat' dir='ltr'><strong>praecipue</strong></span> <span class='ocrx_word' id='word_1_133' title='bbox 828 1415 917 1475; x_wconf 88' lang='lat' dir='ltr'><strong>inlita.</strong></span> <span class='ocrx_word' id='word_1_134' title='bbox 940 1413 1116 1475; x_wconf 67' lang='lat' dir='ltr'><strong>non&#39;ieriun·</strong></span> <span class='ocrx_word' id='word_1_135' title='bbox 1185 1427 1187 1442; x_wconf 90' lang='grc'><strong><em>·</em></strong></span> 
     </span>
     <span class='ocr_line' id='line_1_16' title="bbox 74 1497 1118 1576; baseline 0.001 -20"><span class='ocrx_word' id='word_1_136' title='bbox 74 1506 154 1558; x_wconf 82' lang='lat' dir='ltr'><strong>astur</strong></span> <span class='ocrx_word' id='word_1_137' title='bbox 174 1497 331 1574; x_wconf 89' lang='lat' dir='ltr'><strong>hahentes,</strong></span> <span class='ocrx_word' id='word_1_138' title='bbox 355 1508 385 1558; x_wconf 90' lang='lat' dir='ltr'><strong>et</strong></span> <span class='ocrx_word' id='word_1_139' title='bbox 402 1501 434 1559; x_wconf 89' lang='lat' dir='ltr'><strong>si</strong></span> <span class='ocrx_word' id='word_1_140' title='bbox 447 1508 554 1561; x_wconf 80' lang='lat' dir='ltr'><strong>terrani</strong></span> <span class='ocrx_word' id='word_1_141' title='bbox 575 1499 693 1558; x_wconf 90' lang='lat' dir='ltr'><strong>surculo</strong></span> <span class='ocrx_word' id='word_1_142' title='bbox 715 1499 873 1576; x_wconf 78' lang='lat' dir='ltr'><strong>helio-tropi</strong></span> <span class='ocrx_word' id='word_1_143' title='bbox 896 1497 1118 1560; x_wconf 83' lang='lat' dir='ltr'><strong>circumscribat</strong></span> 
     </span>
     <span class='ocr_line' id='line_1_17' title="bbox 108 1581 1118 1662; baseline 0 -22"><span class='ocrx_word' id='word_1_144' title='bbox 108 1581 227 1660; x_wconf 89' lang='lat' dir='ltr'><strong>aliquis,</strong></span> <span class='ocrx_word' id='word_1_145' title='bbox 246 1590 353 1657; x_wconf 73' lang='lat' dir='ltr'><strong>negant</strong></span> <span class='ocrx_word' id='word_1_146' title='bbox 372 1581 696 1662; x_wconf 31' lang='lat' dir='ltr'><strong>scorpionemlegredi,</strong></span> <span class='ocrx_word' id='word_1_147' title='bbox 722 1582 846 1658; x_wconf 89' lang='lat' dir='ltr'><strong>inposita</strong></span> <span class='ocrx_word' id='word_1_148' title='bbox 863 1599 936 1641; x_wconf 81' lang='lat' dir='ltr'><strong>vero</strong></span> <span class='ocrx_word' id='word_1_149' title='bbox 959 1581 1051 1642; x_wconf 90' lang='lat' dir='ltr'><strong>herba</strong></span> <span class='ocrx_word' id='word_1_150' title='bbox 1070 1590 1118 1640; x_wconf 89' lang='lat' dir='ltr'><strong>aut</strong></span> 
     </span>
     <span class='ocr_line' id='line_1_18' title="bbox 107 1663 1117 1744; baseline -0.002 -20"><span class='ocrx_word' id='word_1_151' title='bbox 107 1664 164 1724; x_wconf 90' lang='lat' dir='ltr'><strong>uda</strong></span> <span class='ocrx_word' id='word_1_152' title='bbox 180 1663 295 1724; x_wconf 85' lang='lat' dir='ltr'><strong>omnino</strong></span> <span class='ocrx_word' id='word_1_153' title='bbox 310 1681 478 1742; x_wconf 86' lang='lat' dir='ltr'><strong>respersum</strong></span> <span class='ocrx_word' id='word_1_154' title='bbox 492 1665 721 1744; x_wconf 84' lang='lat' dir='ltr'><strong>protinusmori.</strong></span> <span class='ocrx_word' id='word_1_155' title='bbox 742 1666 859 1724; x_wconf 77' lang='lat' dir='ltr'><strong>semissis</strong></span> <span class='ocrx_word' id='word_1_156' title='bbox 876 1682 966 1742; x_wconf 58' lang='lat' dir='ltr'><strong>mana</strong></span> <span class='ocrx_word' id='word_1_157' title='bbox 980 1673 1117 1744; x_wconf 87' lang='lat' dir='ltr'><strong>quattuor</strong></span> 
     </span>
     <span class='ocr_line' id='line_1_19' title="bbox 109 1747 1116 1827; baseline -0.001 -20"><span class='ocrx_word' id='word_1_158' title='bbox 109 1757 177 1827; x_wconf 90' lang='lat' dir='ltr'><strong>pota</strong></span> <span class='ocrx_word' id='word_1_159' title='bbox 193 1747 338 1825; x_wconf 87' lang='lat' dir='ltr'><strong>quartanis</strong></span> <span class='ocrx_word' id='word_1_160' title='bbox 360 1747 504 1826; x_wconf 88' lang='lat' dir='ltr'><strong>prodesse</strong></span> <span class='ocrx_word' id='word_1_161' title='bbox 525 1747 671 1826; x_wconf 88' lang='lat' dir='ltr'><strong>dicuntur,</strong></span> <span class='ocrx_word' id='word_1_162' title='bbox 693 1750 747 1808; x_wconf 87' lang='lat' dir='ltr'><strong>tria</strong></span> <span class='ocrx_word' id='word_1_163' title='bbox 766 1765 839 1810; x_wconf 80' lang='lat' dir='ltr'><strong>vero</strong></span> <span class='ocrx_word' id='word_1_164' title='bbox 854 1749 1001 1824; x_wconf 83' lang='lat' dir='ltr'><strong>tertianis,</strong></span> <span class='ocrx_word' id='word_1_165' title='bbox 1023 1747 1071 1806; x_wconf 84' lang='lat' dir='ltr'><strong>uel</strong></span> <span class='ocrx_word' id='word_1_166' title='bbox 1092 1748 1116 1806; x_wconf 89' lang='lat' dir='ltr'><strong>si</strong></span> 
     </span>
     <span class='ocr_line' id='line_1_20' title="bbox 110 1831 1158 1910; baseline -0.002 -19"><span class='ocrx_word' id='word_1_167' title='bbox 110 1831 201 1892; x_wconf 88' lang='lat' dir='ltr'><strong>herba</strong></span> <span class='ocrx_word' id='word_1_168' title='bbox 214 1832 277 1910; x_wconf 89' lang='lat' dir='ltr'><strong>ipsa</strong></span> <span class='ocrx_word' id='word_1_169' title='bbox 292 1839 338 1890; x_wconf 89' lang='lat' dir='ltr'><strong>ter</strong></span> <span class='ocrx_word' id='word_1_170' title='bbox 350 1831 516 1892; x_wconf 86' lang='lat' dir='ltr'><strong>circumlata</strong></span> <span class='ocrx_word' id='word_1_171' title='bbox 531 1831 689 1892; x_wconf 77' lang='lat' dir='ltr'><strong>subiciatur</strong></span> <span class='ocrx_word' id='word_1_172' title='bbox 701 1833 798 1910; x_wconf 87' lang='lat' dir='ltr'><strong>capiti.</strong></span> <span class='ocrx_word' id='word_1_173' title='bbox 827 1849 927 1893; x_wconf 86' lang='lat' dir='ltr'><strong>semen</strong></span> <span class='ocrx_word' id='word_1_174' title='bbox 939 1841 969 1892; x_wconf 86' lang='lat' dir='ltr'><strong>et</strong></span> <span class='ocrx_word' id='word_1_175' title='bbox 979 1847 1117 1892; x_wconf 84' lang='lat' dir='ltr'><strong>venerem</strong></span> <span class='ocrx_word' id='word_1_176' title='bbox 1125 1835 1158 1890; x_wconf 90' lang='grc'><strong>61</strong></span> 
     </span>
     <span class='ocr_line' id='line_1_21' title="bbox 74 1915 1144 1996; baseline -0.002 -20"><span class='ocrx_word' id='word_1_177' title='bbox 74 1941 101 1983; x_wconf 74' lang='lat'><strong>20</strong></span> <span class='ocrx_word' id='word_1_178' title='bbox 110 1915 245 1992; x_wconf 88' lang='lat' dir='ltr'><strong>stimulat,</strong></span> <span class='ocrx_word' id='word_1_179' title='bbox 261 1932 326 1974; x_wconf 86' lang='lat' dir='ltr'><strong>cum</strong></span> <span class='ocrx_word' id='word_1_180' title='bbox 341 1916 430 1978; x_wconf 87' lang='lat' dir='ltr'><strong>nrelle</strong></span> <span class='ocrx_word' id='word_1_181' title='bbox 443 1933 535 1994; x_wconf 90' lang='lat' dir='ltr'><strong>panos</strong></span> <span class='ocrx_word' id='word_1_182' title='bbox 547 1915 671 1976; x_wconf 86' lang='lat' dir='ltr'><strong>discutit.</strong></span> <span class='ocrx_word' id='word_1_183' title='bbox 691 1933 830 1976; x_wconf 75' lang='lat' dir='ltr'><strong>venosus</strong></span> <span class='ocrx_word' id='word_1_184' title='bbox 840 1915 898 1977; x_wconf 85' lang='lat' dir='ltr'><strong>hoo</strong></span> <span class='ocrx_word' id='word_1_185' title='bbox 911 1917 1010 1996; x_wconf 86' lang='lat' dir='ltr'><strong>utique</strong></span> <span class='ocrx_word' id='word_1_186' title='bbox 1025 1915 1116 1976; x_wconf 86' lang='lat' dir='ltr'><strong>helio·</strong></span> <span class='ocrx_word' id='word_1_187' title='bbox 1140 1961 1144 1974; x_wconf 74' lang='grc'>,</span> 
     </span>
     <span class='ocr_line' id='line_1_22' title="bbox 110 1991 1116 2078; baseline -0.002 -18"><span class='ocrx_word' id='word_1_188' title='bbox 110 2000 235 2078; x_wconf 87' lang='lat' dir='ltr'><strong>tropium</strong></span> <span class='ocrx_word' id='word_1_189' title='bbox 251 1998 390 2062; x_wconf 82' lang='lat' dir='ltr'><strong>radicitus</strong></span> <span class='ocrx_word' id='word_1_190' title='bbox 411 1999 537 2059; x_wconf 81' lang='lat' dir='ltr'><strong>extrahit</strong></span> <span class='ocrx_word' id='word_1_191' title='bbox 552 2009 582 2058; x_wconf 91' lang='lat' dir='ltr'><strong>et</strong></span> <span class='ocrx_word' id='word_1_192' title='bbox 596 2001 797 2060; x_wconf 84' lang='lat' dir='ltr'><strong>excrescentia</strong></span> <span class='ocrx_word' id='word_1_193' title='bbox 814 1991 985 2062; x_wconf 82' lang='lat' dir='ltr'><strong>insedibus.</strong></span> <span class='ocrx_word' id='word_1_194' title='bbox 1015 1999 1116 2078; x_wconf 88' lang='lat' dir='ltr'><strong>spinae</strong></span> 
     </span>
     <span class='ocr_line' id='line_1_23' title="bbox 111 2081 1115 2162; baseline 0 -20"><span class='ocrx_word' id='word_1_195' title='bbox 111 2100 226 2162; x_wconf 88' lang='lat' dir='ltr'><strong>quoque</strong></span> <span class='ocrx_word' id='word_1_196' title='bbox 245 2099 280 2142; x_wconf 92' lang='lat' dir='ltr'><strong>ac</strong></span> <span class='ocrx_word' id='word_1_197' title='bbox 295 2081 455 2143; x_wconf 86' lang='lat' dir='ltr'><strong>lumhorunr</strong></span> <span class='ocrx_word' id='word_1_198' title='bbox 472 2083 641 2159; x_wconf 70' lang='lat' dir='ltr'><strong>sanquinem</strong></span> <span class='ocrx_word' id='word_1_199' title='bbox 658 2093 823 2162; x_wconf 76' lang='lat' dir='ltr'><strong>corruptam</strong></span> <span class='ocrx_word' id='word_1_200' title='bbox 838 2084 924 2144; x_wconf 86' lang='lat' dir='ltr'><strong>trahit</strong></span> <span class='ocrx_word' id='word_1_201' title='bbox 943 2084 1052 2144; x_wconf 88' lang='lat' dir='ltr'><strong>inlitum</strong></span> <span class='ocrx_word' id='word_1_202' title='bbox 1070 2100 1115 2142; x_wconf 90' lang='lat' dir='ltr'><strong>se·</strong></span> 
     </span>
     <span class='ocr_line' id='line_1_24' title="bbox 110 2166 1117 2245; baseline 0.001 -19"><span class='ocrx_word' id='word_1_203' title='bbox 110 2185 175 2227; x_wconf 87' lang='lat' dir='ltr'><strong>mon</strong></span> <span class='ocrx_word' id='word_1_204' title='bbox 192 2175 221 2227; x_wconf 89' lang='lat' dir='ltr'><strong>et</strong></span> <span class='ocrx_word' id='word_1_205' title='bbox 243 2174 358 2245; x_wconf 86' lang='lat' dir='ltr'><strong>potum,</strong></span> <span class='ocrx_word' id='word_1_206' title='bbox 380 2169 408 2227; x_wconf 94' lang='lat' dir='ltr'><strong>in</strong></span> <span class='ocrx_word' id='word_1_207' title='bbox 427 2167 493 2227; x_wconf 86' lang='lat' dir='ltr'><strong>iure</strong></span> <span class='ocrx_word' id='word_1_208' title='bbox 509 2166 666 2244; x_wconf 81' lang='lat' dir='ltr'><strong>gallinacei</strong></span> <span class='ocrx_word' id='word_1_209' title='bbox 687 2167 839 2228; x_wconf 86' lang='lat' dir='ltr'><strong>decoctum</strong></span> <span class='ocrx_word' id='word_1_210' title='bbox 859 2177 908 2228; x_wconf 88' lang='lat' dir='ltr'><strong>aut</strong></span> <span class='ocrx_word' id='word_1_211' title='bbox 923 2185 988 2228; x_wconf 88' lang='lat' dir='ltr'><strong>oum</strong></span> <span class='ocrx_word' id='word_1_212' title='bbox 1002 2167 1071 2227; x_wconf 87' lang='lat' dir='ltr'><strong>heta</strong></span> <span class='ocrx_word' id='word_1_213' title='bbox 1085 2175 1117 2227; x_wconf 87' lang='lat' dir='ltr'><strong>et</strong></span> 
     </span>
     <span class='ocr_line' id='line_1_25' title="bbox 110 2249 1116 2328; baseline 0 -18"><span class='ocrx_word' id='word_1_214' title='bbox 110 2250 198 2311; x_wconf 89' lang='lat' dir='ltr'><strong>lente.</strong></span> <span class='ocrx_word' id='word_1_215' title='bbox 228 2259 332 2310; x_wconf 86' lang='lat' dir='ltr'><strong>cortex</strong></span> <span class='ocrx_word' id='word_1_216' title='bbox 347 2250 464 2310; x_wconf 87' lang='lat' dir='ltr'><strong>seminis</strong></span> <span class='ocrx_word' id='word_1_217' title='bbox 477 2250 633 2311; x_wconf 88' lang='lat' dir='ltr'><strong>liventibus</strong></span> <span class='ocrx_word' id='word_1_218' title='bbox 651 2251 780 2311; x_wconf 85' lang='lat' dir='ltr'><strong>colonam</strong></span> <span class='ocrx_word' id='word_1_219' title='bbox 794 2251 897 2311; x_wconf 79' lang='lat' dir='ltr'><strong>reddit.</strong></span> <span class='ocrx_word' id='word_1_220' title='bbox 931 2249 1009 2328; x_wconf 73' lang='lat' dir='ltr'><strong>tingi</strong></span> <span class='ocrx_word' id='word_1_221' title='bbox 1024 2249 1116 2310; x_wconf 89' lang='lat' dir='ltr'><strong>helio·</strong></span> 
     </span>
     <span class='ocr_line' id='line_1_26' title="bbox 75 2331 1116 2414; baseline -0.002 -20"><span class='ocrx_word' id='word_1_222' title='bbox 75 2337 234 2414; x_wconf 79' lang='lat' dir='ltr'><strong>eutropium</strong></span> <span class='ocrx_word' id='word_1_223' title='bbox 253 2337 401 2413; x_wconf 87' lang='lat' dir='ltr'><strong>quartanis</strong></span> <span class='ocrx_word' id='word_1_224' title='bbox 416 2343 535 2414; x_wconf 87' lang='lat' dir='ltr'><strong>quater,</strong></span> <span class='ocrx_word' id='word_1_225' title='bbox 558 2335 586 2394; x_wconf 90' lang='lat' dir='ltr'><strong>in</strong></span> <span class='ocrx_word' id='word_1_226' title='bbox 606 2336 737 2395; x_wconf 89' lang='lat' dir='ltr'><strong>tertianis</strong></span> <span class='ocrx_word' id='word_1_227' title='bbox 756 2345 802 2396; x_wconf 84' lang='lat' dir='ltr'><strong>ter</strong></span> <span class='ocrx_word' id='word_1_228' title='bbox 823 2334 952 2413; x_wconf 80' lang='lat' dir='ltr'><strong>adligari</strong></span> <span class='ocrx_word' id='word_1_229' title='bbox 966 2333 1064 2393; x_wconf 78' lang='lat' dir='ltr'><strong>iubent</strong></span> <span class='ocrx_word' id='word_1_230' title='bbox 1079 2331 1116 2393; x_wconf 89' lang='lat' dir='ltr'><strong>ab</strong></span> 
     </span>
     <span class='ocr_line' id='line_1_27' title="bbox 110 2417 1259 2500; baseline 0 -24"><span class='ocrx_word' id='word_1_231' title='bbox 110 2420 176 2496; x_wconf 88' lang='lat' dir='ltr'><strong>ipso</strong></span> <span class='ocrx_word' id='word_1_232' title='bbox 191 2435 283 2496; x_wconf 79' lang='lat' dir='ltr'><strong>aegro</strong></span> <span class='ocrx_word' id='word_1_233' title='bbox 300 2419 475 2497; x_wconf 85' lang='lat' dir='ltr'><strong>precarique</strong></span> <span class='ocrx_word' id='word_1_234' title='bbox 495 2435 558 2480; x_wconf 89' lang='lat' dir='ltr'><strong>eum</strong></span> <span class='ocrx_word' id='word_1_235' title='bbox 574 2419 735 2480; x_wconf 83' lang='lat' dir='ltr'><strong>soluturum</strong></span> <span class='ocrx_word' id='word_1_236' title='bbox 750 2437 783 2480; x_wconf 90' lang='lat' dir='ltr'><strong>se</strong></span> <span class='ocrx_word' id='word_1_237' title='bbox 803 2418 897 2479; x_wconf 89' lang='lat' dir='ltr'><strong>nodus</strong></span> <span class='ocrx_word' id='word_1_238' title='bbox 919 2417 1073 2478; x_wconf 84' lang='lat' dir='ltr'><strong>liberatum</strong></span> <span class='ocrx_word' id='word_1_239' title='bbox 1088 2425 1118 2477; x_wconf 88' lang='lat' dir='ltr'><strong>et</strong></span> <span class='ocrx_word' id='word_1_240' title='bbox 1166 2489 1168 2494; x_wconf 23' lang='grc' dir='ltr'>Ι</span> <span class='ocrx_word' id='word_1_241' title='bbox 1209 2475 1218 2487; x_wconf 74' lang='grc'><strong>,,</strong></span> <span class='ocrx_word' id='word_1_242' title='bbox 1258 2475 1259 2500; x_wconf 15' lang='grc' dir='ltr'>ἦ</span> 
     </span>
     <span class='ocr_line' id='line_1_28' title="bbox 111 2501 1259 2581; baseline 0.002 -21"><span class='ocrx_word' id='word_1_243' title='bbox 111 2501 210 2561; x_wconf 87' lang='lat' dir='ltr'><strong>iacere</strong></span> <span class='ocrx_word' id='word_1_244' title='bbox 226 2519 283 2562; x_wconf 87' lang='lat' dir='ltr'><strong>nou</strong></span> <span class='ocrx_word' id='word_1_245' title='bbox 299 2511 433 2581; x_wconf 83' lang='lat' dir='ltr'><strong>exempta</strong></span> <span class='ocrx_word' id='word_1_246' title='bbox 449 2501 550 2562; x_wconf 87' lang='lat' dir='ltr'><strong>harha.</strong></span> <span class='ocrx_word' id='word_1_247' title='bbox 633 2551 639 2562; x_wconf 89' lang='lat'><strong><em>.</em></strong></span> <span class='ocrx_word' id='word_1_248' title='bbox 1190 2541 1191 2544; x_wconf 56' lang='lat'><em>=</em></span> <span class='ocrx_word' id='word_1_249' title='bbox 1258 2521 1259 2578; x_wconf 70' lang='lat'><strong>,</strong></span> 
     </span>
     <span class='ocr_line' id='line_1_29' title="bbox 173 2584 1259 2663; baseline -0.003 -17"><span class='ocrx_word' id='word_1_250' title='bbox 173 2586 257 2663; x_wconf 85' lang='lat'>(30.)</span> <span class='ocrx_word' id='word_1_251' title='bbox 279 2585 366 2646; x_wconf 78' lang='lat' dir='ltr'><strong>Aliud</strong></span> <span class='ocrx_word' id='word_1_252' title='bbox 382 2585 496 2646; x_wconf 87' lang='lat' dir='ltr'><strong>adianto</strong></span> <span class='ocrx_word' id='word_1_253' title='bbox 510 2586 694 2646; x_wconf 74' lang='lat' dir='ltr'><strong>miraculum:</strong></span> <span class='ocrx_word' id='word_1_254' title='bbox 711 2594 823 2646; x_wconf 76' lang='lat' dir='ltr'><strong>aestate</strong></span> <span class='ocrx_word' id='word_1_255' title='bbox 837 2586 930 2662; x_wconf 81' lang='lat' dir='ltr'><strong>viret,</strong></span> <span class='ocrx_word' id='word_1_256' title='bbox 946 2584 1045 2646; x_wconf 83' lang='lat' dir='ltr'><strong>bruma</strong></span> <span class='ocrx_word' id='word_1_257' title='bbox 1055 2589 1158 2645; x_wconf 75' lang='lat' dir='ltr'><strong>nonita</strong></span> <span class='ocrx_word' id='word_1_258' title='bbox 1258 2615 1259 2656; x_wconf 59' lang='grc' dir='ltr'>ο</span> 
     </span>
     <span class='ocr_line' id='line_1_30' title="bbox 111 2669 1259 2756; baseline -0.001 -27"><span class='ocrx_word' id='word_1_259' title='bbox 111 2671 283 2744; x_wconf 73' lang='lat' dir='ltr'><strong>marcescit,</strong></span> <span class='ocrx_word' id='word_1_260' title='bbox 306 2686 397 2748; x_wconf 88' lang='lat' dir='ltr'><strong>aquas</strong></span> <span class='ocrx_word' id='word_1_261' title='bbox 416 2671 544 2747; x_wconf 84' lang='lat' dir='ltr'><strong>respuit,</strong></span> <span class='ocrx_word' id='word_1_262' title='bbox 565 2669 716 2748; x_wconf 65' lang='lat' dir='ltr'><strong>perman</strong></span> <span class='ocrx_word' id='word_1_263' title='bbox 736 2685 899 2730; x_wconf 81' lang='lat' dir='ltr'><strong>mersumve</strong></span> <span class='ocrx_word' id='word_1_264' title='bbox 921 2669 1003 2730; x_wconf 82' lang='lat' dir='ltr'><strong>sicco</strong></span> <span class='ocrx_word' id='word_1_265' title='bbox 1023 2669 1116 2729; x_wconf 81' lang='lat' dir='ltr'><strong>sindle</strong></span> <span class='ocrx_word' id='word_1_266' title='bbox 1258 2683 1259 2756; x_wconf 65' lang='lat' dir='ltr'><strong>q</strong></span> 
     </span>
     <span class='ocr_line' id='line_1_31' title="bbox 76 2751 1117 2829; baseline -0.004 -13"><span class='ocrx_word' id='word_1_267' title='bbox 76 2762 174 2828; x_wconf 83' lang='lat' dir='ltr'><strong>coest,</strong></span> <span class='ocrx_word' id='word_1_268' title='bbox 189 2787 232 2798; x_wconf 89' lang='lat'><strong>—-</strong></span> <span class='ocrx_word' id='word_1_269' title='bbox 252 2762 329 2812; x_wconf 88' lang='lat' dir='ltr'><strong>tanta</strong></span> <span class='ocrx_word' id='word_1_270' title='bbox 346 2753 515 2814; x_wconf 78' lang='lat' dir='ltr'><strong>dissociatio</strong></span> <span class='ocrx_word' id='word_1_271' title='bbox 531 2751 773 2829; x_wconf 82' lang='lat' dir='ltr'><strong>deprehenditur,</strong></span> <span class='ocrx_word' id='word_1_272' title='bbox 789 2751 919 2812; x_wconf 87' lang='lat' dir='ltr'><strong>—ande</strong></span> <span class='ocrx_word' id='word_1_273' title='bbox 935 2762 965 2812; x_wconf 89' lang='lat' dir='ltr'><strong>et</strong></span> <span class='ocrx_word' id='word_1_274' title='bbox 977 2769 1083 2813; x_wconf 87' lang='lat' dir='ltr'><strong>nomen</strong></span> <span class='ocrx_word' id='word_1_275' title='bbox 1099 2767 1117 2812; x_wconf 94' lang='lat' dir='ltr'><strong>a</strong></span> 
     </span>
     <span class='ocr_line' id='line_1_32' title="bbox 113 2834 1117 2914; baseline -0.004 -16"><span class='ocrx_word' id='word_1_276' title='bbox 113 2837 232 2898; x_wconf 82' lang='lat' dir='ltr'><strong>Graecis</strong></span> <span class='ocrx_word' id='word_1_277' title='bbox 244 2835 353 2914; x_wconf 80' lang='lat' dir='ltr'><strong>alioqui</strong></span> <span class='ocrx_word' id='word_1_278' title='bbox 364 2837 461 2896; x_wconf 75' lang='lat' dir='ltr'><strong>frutici</strong></span> <span class='ocrx_word' id='word_1_279' title='bbox 474 2837 610 2913; x_wconf 86' lang='lat' dir='ltr'><strong>topiario.</strong></span> <span class='ocrx_word' id='word_1_280' title='bbox 626 2836 741 2914; x_wconf 86' lang='lat' dir='ltr'><strong>quidam</strong></span> <span class='ocrx_word' id='word_1_281' title='bbox 754 2834 936 2898; x_wconf 86' lang='lat' dir='ltr'><strong>callitrichon</strong></span> <span class='ocrx_word' id='word_1_282' title='bbox 944 2843 1061 2912; x_wconf 83' lang='lat' dir='ltr'><strong>vocant,</strong></span> <span class='ocrx_word' id='word_1_283' title='bbox 1067 2834 1117 2895; x_wconf 92' lang='lat' dir='ltr'><strong>alii</strong></span> 
     </span>
     <span class='ocr_line' id='line_1_33' title="bbox 111 2919 1118 2999; baseline -0.002 -19"><span class='ocrx_word' id='word_1_284' title='bbox 111 2920 313 2999; x_wconf 77' lang='lat' dir='ltr'><strong>polytrichon,</strong></span> <span class='ocrx_word' id='word_1_285' title='bbox 337 2927 488 2999; x_wconf 87' lang='lat' dir='ltr'><strong>utrumqne</strong></span> <span class='ocrx_word' id='word_1_286' title='bbox 505 2919 542 2979; x_wconf 89' lang='lat' dir='ltr'><strong>ah</strong></span> <span class='ocrx_word' id='word_1_287' title='bbox 563 2919 681 2980; x_wconf 87' lang='lat' dir='ltr'><strong>ellectu.</strong></span> <span class='ocrx_word' id='word_1_288' title='bbox 714 2919 816 2996; x_wconf 70' lang='lat' dir='ltr'><strong>tinguit</strong></span> <span class='ocrx_word' id='word_1_289' title='bbox 836 2919 911 2980; x_wconf 85' lang='lat' dir='ltr'><strong>enirn</strong></span> <span class='ocrx_word' id='word_1_290' title='bbox 932 2919 1067 2997; x_wconf 85' lang='lat' dir='ltr'><strong>capillum</strong></span> <span class='ocrx_word' id='word_1_291' title='bbox 1087 2926 1118 2978; x_wconf 89' lang='lat' dir='ltr'><strong>et</strong></span> 
     </span>
     <span class='ocr_line' id='line_1_34' title="bbox 113 3002 1116 3082; baseline -0.003 -18"><span class='ocrx_word' id='word_1_292' title='bbox 113 3004 149 3064; x_wconf 92' lang='lat' dir='ltr'><strong>ad</strong></span> <span class='ocrx_word' id='word_1_293' title='bbox 169 3005 225 3064; x_wconf 92' lang='lat' dir='ltr'><strong>hoc</strong></span> <span class='ocrx_word' id='word_1_294' title='bbox 246 3004 419 3081; x_wconf 87' lang='lat' dir='ltr'><strong>decoquitur</strong></span> <span class='ocrx_word' id='word_1_295' title='bbox 439 3005 468 3063; x_wconf 92' lang='lat' dir='ltr'><strong>in</strong></span> <span class='ocrx_word' id='word_1_296' title='bbox 482 3006 549 3064; x_wconf 81' lang='lat' dir='ltr'><strong>vino</strong></span> <span class='ocrx_word' id='word_1_297' title='bbox 566 3022 631 3064; x_wconf 89' lang='lat' dir='ltr'><strong>cum</strong></span> <span class='ocrx_word' id='word_1_298' title='bbox 647 3004 756 3063; x_wconf 86' lang='lat' dir='ltr'><strong>semine</strong></span> <span class='ocrx_word' id='word_1_299' title='bbox 774 3004 821 3082; x_wconf 89' lang='lat' dir='ltr'><strong>api</strong></span> <span class='ocrx_word' id='word_1_300' title='bbox 831 3002 957 3063; x_wconf 74' lang='lat' dir='ltr'><strong>‘adiecto</strong></span> <span class='ocrx_word' id='word_1_301' title='bbox 975 3003 1044 3062; x_wconf 87' lang='lat' dir='ltr'><strong>oleo</strong></span> <span class='ocrx_word' id='word_1_302' title='bbox 1066 3019 1116 3062; x_wconf 93' lang='lat' dir='ltr'><strong>co·</strong></span> 
     </span>
     <span class='ocr_line' id='line_1_35' title="bbox 112 3085 1259 3172; baseline -0.001 -25"><span class='ocrx_word' id='word_1_303' title='bbox 112 3089 213 3168; x_wconf 82' lang='lat' dir='ltr'><strong>piosa,</strong></span> <span class='ocrx_word' id='word_1_304' title='bbox 231 3096 260 3146; x_wconf 89' lang='lat' dir='ltr'><strong>ut</strong></span> <span class='ocrx_word' id='word_1_305' title='bbox 273 3089 400 3166; x_wconf 82' lang='lat' dir='ltr'><strong>crispum</strong></span> <span class='ocrx_word' id='word_1_306' title='bbox 414 3086 709 3166; x_wconf 59' lang='lat' dir='ltr'><strong>desumpserunt,</strong></span> <span class='ocrx_word' id='word_1_307' title='bbox 726 3096 756 3147; x_wconf 89' lang='lat' dir='ltr'><strong>et</strong></span> <span class='ocrx_word' id='word_1_308' title='bbox 768 3087 899 3148; x_wconf 82' lang='lat' dir='ltr'><strong>delinere¹</strong></span> <span class='ocrx_word' id='word_1_309' title='bbox 910 3093 1005 3148; x_wconf 86' lang='lat' dir='ltr'><strong>autem</strong></span> <span class='ocrx_word' id='word_1_310' title='bbox 1018 3085 1115 3164; x_wconf 84' lang='lat' dir='ltr'><strong>prohi</strong></span> <span class='ocrx_word' id='word_1_311' title='bbox 1258 3135 1259 3172; x_wconf 59' lang='lat'><strong>,</strong></span> 
     </span>
     <span class='ocr_line' id='line_1_36' title="bbox 76 3169 1161 3249; baseline 0.002 -21"><span class='ocrx_word' id='word_1_312' title='bbox 76 3171 174 3234; x_wconf 82' lang='lat' dir='ltr'><strong>subet.</strong></span> <span class='ocrx_word' id='word_1_313' title='bbox 211 3171 276 3230; x_wconf 86' lang='lat' dir='ltr'><strong>Duc</strong></span> <span class='ocrx_word' id='word_1_314' title='bbox 292 3172 355 3230; x_wconf 90' lang='lat' dir='ltr'><strong>eius</strong></span> <span class='ocrx_word' id='word_1_315' title='bbox 377 3189 501 3248; x_wconf 80' lang='lat' dir='ltr'><strong>genera:</strong></span> <span class='ocrx_word' id='word_1_316' title='bbox 521 3171 670 3234; x_wconf 85' lang='lat' dir='ltr'><strong>candidius</strong></span> <span class='ocrx_word' id='word_1_317' title='bbox 692 3179 723 3232; x_wconf 87' lang='lat' dir='ltr'><strong>et</strong></span> <span class='ocrx_word' id='word_1_318' title='bbox 740 3172 852 3248; x_wconf 74' lang='lat' dir='ltr'><strong>nigrum</strong></span> <span class='ocrx_word' id='word_1_319' title='bbox 873 3171 1059 3249; x_wconf 81' lang='lat' dir='ltr'><strong>breviusque.</strong></span> <span class='ocrx_word' id='word_1_320' title='bbox 1086 3169 1161 3234; x_wconf 72' lang='lat' dir='ltr'><strong>,idco</strong></span> 
     </span>
     <span class='ocr_line' id='line_1_37' title="bbox 114 3245 1117 3335; baseline -0.002 -19"><span class='ocrx_word' id='word_1_321' title='bbox 114 3255 191 3335; x_wconf 92' lang='lat' dir='ltr'><strong>quod</strong></span> <span class='ocrx_word' id='word_1_322' title='bbox 203 3255 295 3320; x_wconf 86' lang='lat' dir='ltr'><strong>maius</strong></span> <span class='ocrx_word' id='word_1_323' title='bbox 311 3263 371 3330; x_wconf 87' lang='lat' dir='ltr'><strong>est,</strong></span> <span class='ocrx_word' id='word_1_324' title='bbox 388 3254 589 3333; x_wconf 73' lang='lat' dir='ltr'><strong>polytrichon,</strong></span> <span class='ocrx_word' id='word_1_325' title='bbox 606 3254 695 3332; x_wconf 86' lang='lat' dir='ltr'><strong>aliqui</strong></span> <span class='ocrx_word' id='word_1_326' title='bbox 709 3245 1032 3317; x_wconf 64' lang='lat' dir='ltr'><strong>rndomuneshocsnr.</strong></span> <span class='ocrx_word' id='word_1_327' title='bbox 1049 3255 1117 3314; x_wconf 81' lang='lat' dir='ltr'><strong>stri·</strong></span> 
     </span>
     <span class='ocr_line' id='line_1_38' title="bbox 114 3333 1221 3419; baseline -0.004 -19"><span class='ocrx_word' id='word_1_328' title='bbox 114 3357 171 3419; x_wconf 87' lang='lat' dir='ltr'><strong>que</strong></span> <span class='ocrx_word' id='word_1_329' title='bbox 188 3337 287 3400; x_wconf 86' lang='lat' dir='ltr'><strong>ramuli</strong></span> <span class='ocrx_word' id='word_1_330' title='bbox 302 3340 385 3416; x_wconf 77' lang='lat' dir='ltr'><strong>nigro</strong></span> <span class='ocrx_word' id='word_1_331' title='bbox 396 3339 504 3398; x_wconf 87' lang='lat' dir='ltr'><strong>colore</strong></span> <span class='ocrx_word' id='word_1_332' title='bbox 519 3333 626 3414; x_wconf 72' lang='lat' dir='ltr'><strong>nitent,</strong></span> <span class='ocrx_word' id='word_1_333' title='bbox 645 3339 725 3400; x_wconf 86' lang='lat' dir='ltr'><strong>loliis</strong></span> <span class='ocrx_word' id='word_1_334' title='bbox 741 3339 854 3413; x_wconf 82' lang='lat' dir='ltr'><strong>felicis,</strong></span> <span class='ocrx_word' id='word_1_335' title='bbox 875 3357 913 3398; x_wconf 87' lang='lat' dir='ltr'><strong>ex</strong></span> <span class='ocrx_word' id='word_1_336' title='bbox 927 3338 1030 3416; x_wconf 77' lang='lat' dir='ltr'><strong>quihus</strong></span> <span class='ocrx_word' id='word_1_337' title='bbox 1044 3337 1117 3398; x_wconf 87' lang='lat' dir='ltr'><strong>inie-</strong></span> <span class='ocrx_word' id='word_1_338' title='bbox 1215 3379 1221 3386; x_wconf 38' lang='grc' dir='ltr'>ι</span> 
     </span>
     <span class='ocr_line' id='line_1_39' title="bbox 113 3421 1115 3502; baseline -0.002 -20"><span class='ocrx_word' id='word_1_339' title='bbox 113 3425 190 3484; x_wconf 90' lang='lat' dir='ltr'><strong>riora</strong></span> <span class='ocrx_word' id='word_1_340' title='bbox 206 3439 312 3502; x_wconf 89' lang='lat' dir='ltr'><strong>aspera</strong></span> <span class='ocrx_word' id='word_1_341' title='bbox 328 3439 372 3482; x_wconf 86' lang='lat' dir='ltr'><strong>ac.</strong></span> <span class='ocrx_word' id='word_1_342' title='bbox 384 3421 466 3484; x_wconf 83' lang='lat' dir='ltr'><strong>lusca</strong></span> <span class='ocrx_word' id='word_1_343' title='bbox 482 3432 561 3500; x_wconf 85' lang='lat' dir='ltr'><strong>sunt,</strong></span> <span class='ocrx_word' id='word_1_344' title='bbox 581 3423 785 3490; x_wconf 84' lang='lat' dir='ltr'><strong>crnniaautenr</strong></span> <span class='ocrx_word' id='word_1_345' title='bbox 799 3423 951 3483; x_wconf 73' lang='lat' dir='ltr'><strong>cannariis</strong></span> <span class='ocrx_word' id='word_1_346' title='bbox 971 3421 1115 3501; x_wconf 84' lang='lat' dir='ltr'><strong>pediculis</strong></span> 
     </span>
    </p>
   </div>
   <div class='ocr_carea' id='block_1_4' title="bbox 0 0 1282 3864">
    <p class='ocr_par' dir='ltr' id='par_1_4' title="bbox 0 0 1282 3864">
     <span class='ocr_line' id='line_1_40' title="bbox 0 0 1282 3864; baseline 0 0"><span class='ocrx_word' id='word_1_347' title='bbox 0 0 1282 3864; x_wconf 95' lang='lat' dir='ltr'><strong> </strong></span> 
     </span>
    </p>
   </div>
  </div>
 </body>
</html>
