2534 3866
151 187 211 252 102
248 252 249 260 ,
487 199 793 248 c.rn1u1aucuuo1

147 375 209 415 rum
227 356 300 416 binis
315 357 456 433 utrimque
478 353 621 433 lapidibus
637 355 812 414 statuminari
829 353 931 421 etalio
953 353 1146 430 superintegi.

149 439 246 500 Silvae
273 439 477 518 exstirpandae
506 439 646 497 rationem
672 436 855 499 Democritus
884 437 1026 516 prodidit,
1056 435 1148 516 lupini

148 523 221 598 flore
237 526 265 582 in
279 541 350 584 suco
367 526 481 584 cicutae
496 539 552 585 uno
568 521 616 581 die
637 531 783 584 macerato
805 523 974 600 sparsisque
989 520 1146 580 radicibus.

106 615 141 672 le
210 610 238 668 7.
262 608 324 686 (9.)
350 607 387 666 Et
403 606 745 684 quoniampraeparatus
767 616 812 666 est
838 622 925 682 ager,
949 621 1024 664 nunc
1039 604 1147 664 indica·

147 692 222 751 bitur
242 701 342 752 natura
356 684 484 767 ¹frugum.
517 698 581 747 sunt
602 697 696 748 autem
711 691 767 753 duo
791 690 882 767 prima
903 705 1001 748 earum
1021 705 1175 764 genera:⁵

148 776 304 850 frumenta,
327 785 357 834 nt
372 775 511 847 triticum,
535 772 692 846 hordeum,
723 782 751 831 et
766 772 926 848 legumina,
951 779 983 831 ut
998 771 1079 846 laba,
1107 773 1147 830 ci·

48 927 51 944 Ι
149 877 208 919 cer.
237 859 398 920 differentia
414 857 509 915 notior
524 873 609 934 quarn
624 865 654 915 ut
667 856 787 915 indicari
802 856 914 915 deceat.

105 953 140 1008 49
213 944 297 1021 (10.)
319 943 362 1020 [ι]
377 939 522 1000 Frumenti
547 941 638 1017 ipsius
658 940 777 1000 totidem
800 957 910 1016 genera
936 959 991 1018 per
1015 949 1148 1017 tempora

149 1036 211 1086 satu
225 1028 333 1087 divisa:
355 1023 494 1098 hiberna,
517 1040 592 1102 quae
608 1025 685 1083 circa
711 1024 896 1100 vergiliarum
922 1040 1059 1084 occasum
1085 1033 1147 1082 sata

147 1119 225 1170 terra
250 1128 304 1188 per
328 1108 451 1181 hiemem
478 1109 653 1182 nutriuntur,
684 1116 714 1167 ut
739 1109 877 1183 triticum,
910 1107 971 1182 lar,
994 1107 1144 1182 hordeum,
1158 1122 1183 1163 ιο

149 1195 274 1268 aestiva,
303 1208 377 1269 quae
394 1200 505 1251 aestate
521 1201 587 1252 ante
601 1192 788 1267 vergiliarum
803 1199 935 1251 exortum
952 1199 1096 1266 seruntur,
1116 1199 1146 1250 ut

148 1276 270 1350 milium,
298 1278 446 1354 panicum,
479 1276 602 1349 sesima,
633 1275 805 1350 horminum,
839 1276 911 1351 irio,
936 1274 1036 1335 ltaliae
1066 1275 1150 1334 dum-

147 1369 227 1420 taxat
240 1361 304 1418 ritu.
336 1359 508 1438 alioquinin
527 1357 648 1418 Graecia
666 1368 694 1418 et
715 1361 744 1418 in
761 1359 831 1420 Asia
850 1361 943 1419 omnia
966 1376 982 1418 a
1008 1359 1144 1436 vergilia·

144 1458 208 1502 ‘rum
226 1457 333 1503 occasu
356 1451 505 1517 seruntur,
530 1442 670 1519 quaedam
696 1449 789 1504 autem
813 1452 936 1522 utroque
962 1452 1094 1520 tempore
1117 1443 1145 1501 io

105 1525 245 1603 uoltalia,
273 1547 310 1587 ex
325 1527 368 1586 his
385 1527 526 1606 quaedam
544 1535 573 1585 et
587 1527 672 1586 tertio
686 1528 774 1586 veris.
807 1527 906 1606 aliqui
916 1545 1005 1586 verna
1025 1527 1180 1601 miliumsra

148 1614 295 1689 panicum,
317 1610 440 1687 lentem,
468 1612 563 1685 cicer,
580 1611 690 1672 'alicam
719 1611 885 1690 appellant,
915 1613 1074 1670 sementiva
1095 1628 1143 1670 au·

68 1762 71 1774 ,
147 1697 364 1774 tamniticam,
386 1695 542 1769 hordeum,
565 1694 676 1770 labam,
700 1713 821 1774 napum,
844 1711 952 1773 rapam.
992 1704 1021 1766 et
1045 1696 1073 1754 iu
1094 1695 1143 1754 tri·

148 1781 197 1839 tici
218 1797 329 1856 genere
350 1797 418 1857 pars
440 1778 536 1856 aliqua
558 1778 657 1855 pabuli
678 1788 723 1838 est
743 1779 951 1858 quadripedum
971 1796 1058 1838 causa
1078 1780 1144 1854 sati,

149 1872 177 1922 ut
199 1864 331 1939 farrago,
353 1873 382 1921 et
400 1864 429 1922 in
446 1863 652 1938 leguminibus,
676 1873 706 1922 ut
727 1865 810 1923 vicia.
850 1872 878 1921 at
903 1879 1052 1922 commuue
1074 1879 1143 1940 qua-

106 1947 298 2024 51dripedum
317 1947 518 2023 hominumque
540 1947 603 2006 usui
627 1947 762 2025 lupinum.
807 1947 851 2024 {a}
870 1945 1026 2022 legumina
1050 1948 1181 2008 omniaao

149 2029 276 2105 singulas
296 2029 405 2088 habent
423 2029 537 2088 radices
558 2040 676 2108 praeter
693 2033 804 2105 labam,
827 2043 937 2109 easque
964 2031 1156 2105 surculosus,

73 2174 75 2193 ,
148 2113 215 2190 quia
234 2115 339 2173 non‘in
359 2113 445 2173 multa
467 2113 642 2192 dividuntur,
670 2117 822 2175 altissimas
845 2123 939 2174 autem
963 2116 1051 2174 cicer.
1085 2114 1143 2173 iru-

147 2205 242 2256 menta
258 2198 353 2258 multis
368 2198 531 2258 radicantur
551 2197 637 2265 libris.
651 2201 712 2258 siue
739 2201 834 2258 ramis.
860 2197 991 2275 Erumpit
1014 2216 1030 2257 a
1050 2199 1142 2276 primo

148 2290 211 2340 satu
228 2282 367 2360 hordeum
388 2281 434 2342 die
455 2291 604 2358 septumo,
635 2282 779 2358 legumina
793 2292 895 2361 quarto
917 2282 981 2359 vel,
1004 2299 1068 2342 cura
1086 2290 1143 2342 tar·

149 2364 282 2438 dissime,
297 2355 461 2443 septumo,
491 2363 557 2423 laba
586 2378 678 2424 axv.
703 2365 739 2428 ad
758 2379 834 2441 xm,
861 2367 1006 2443 legumina
1030 2367 1058 2424 iu
1083 2366 1203 2427 rie-as-

148 2457 238 2524 gppto
257 2447 341 2508 tertio
357 2449 413 2507 die.
444 2464 482 2505 ex
495 2447 606 2507 hordeo
623 2448 743 2508 alterum
759 2459 845 2528 caput
864 2451 945 2526 graui
965 2451 993 2508 iu
1014 2452 1143 2512 radicem

148 2531 217 2604 exit,
240 2530 360 2590 alterum
376 2532 404 2588 in
418 2530 546 2605 herbam,
569 2549 642 2609 quae
655 2540 684 2592 et
701 2535 780 2610 prior
794 2534 889 2594 floret.
920 2533 1046 2593 radicem
1064 2551 1142 2594 cras·

148 2613 208 2671 sior
225 2629 293 2692 pars
307 2615 389 2690 graui
404 2613 504 2690 lundit,
524 2617 636 2674 tenuior
653 2616 763 2676 llorem.
797 2618 903 2676 ceteris
920 2617 1075 2682 seminibus
1092 2636 1143 2678 ea-

106 2696 214 2760 tadem
228 2707 296 2776 pars
312 2707 342 2756 et
354 2698 481 2758 radicem
496 2707 526 2757 et
540 2699 650 2759 llorem.
677 2701 718 2780 [3]
730 2700 882 2761 Frumento
897 2701 991 2760 hieme
1007 2702 1035 2760 iu
1050 2701 1142 2762 herba

148 2789 227 2855 sunt,
256 2797 348 2840 veruo
367 2791 499 2862 tempore
520 2782 689 2860 instigantur
709 2787 738 2843 in
761 2784 893 2862 stipulam
915 2802 990 2863 quae
1013 2794 1077 2844 suut
1098 2785 1177 2845 ιιι-ιιι

146 2864 228 2924 berni
245 2868 378 2942 generis,
403 2875 432 2925 at
445 2866 550 2927 milium
567 2875 595 2926 et
611 2870 742 2945 panicum
756 2869 784 2925 in
810 2867 932 2928 culmum
947 2869 1142 2945 geniculatum
1178 2883 1182 2900 ·

104 2958 178 3012 teet
196 2965 371 3026 concavum,
391 2951 495 3010 sesima
511 2967 583 3009 aero
604 2953 632 3010 iu
650 2951 838 3010 ierulaceum.
870 2951 998 3011 Omnium
1014 2962 1141 3012 satorum

147 3031 256 3093 fructus
272 3043 320 3092 aut
336 3033 424 3112 spicia
446 3035 621 3110 continetur,
642 3045 673 3094 ut
693 3035 937 3109 tritici,'bordei,
960 3037 1142 3114 muniturque

147 3117 224 3176 vallo
246 3119 395 3178 aristarum
414 3126 514 3177 contra
535 3120 595 3177 avis
618 3128 646 3179 et
665 3134 770 3196 parvas
797 3119 1004 3198 quadripedes,
1037 3129 1085 3179 aut
1100 3122 1141 3179 iu-

148 3199 270 3260 cludr'tur
286 3201 412 3278 siliquis,
434 3210 463 3259 ut
481 3200 668 3277 leguminum,
690 3210 738 3261 ant
753 3203 895 3276 vasculis,
918 3211 949 3260 ut
964 3205 1087 3263 sesimae
1106 3221 1177 3266 acas

148 3285 311 3360 papaveris.
341 3285 447 3344 milium
461 3293 491 3344 et
505 3287 636 3362 panicum
650 3294 756 3345 tantum
771 3303 824 3364 pro
840 3285 979 3363 indiviso,
1001 3298 1030 3347 et
1041 3289 1141 3367 parvis

148 3366 248 3426 avibus
270 3369 433 3445 expositum
454 3377 507 3428 est.
548 3369 698 3430 indefensa
721 3371 827 3448 quippe
854 3371 1025 3433 membranis
1049 3373 1141 3430 conti·

147 3461 259 3510 nentur.
295 3454 426 3530 panicum
442 3471 457 3514 a
474 3452 614 3531 paniculis
632 3453 751 3532 dictum,
776 3456 922 3514 cacumine
938 3454 1071 3530 languide
1090 3473 1141 3514 uu·
1189 3489 1195 3494 -
