2538 3864
179 179 240 242 256
366 225 372 236 .
442 243 445 264 ι
521 190 827 244 commanebam

178 347 208 408 in
222 347 298 410 facie
314 343 480 419 emendant,
496 352 618 421 erugant
633 360 765 424 corpora.
776 377 778 384 ι
790 363 853 406 eum
864 345 945 424 polio
960 344 1031 406 tolia
1045 345 1073 405 in
1085 349 1172 414 aceto

180 438 264 492 cocta
285 427 452 489 volneribus
473 427 660 506 inponuntur,
685 430 711 490 si
729 431 859 505 testium,
884 429 989 488 melius
1014 445 1077 487 cum
1101 427 1170 502 hve-

75 549 82 556 ·
130 515 132 518 ’
179 529 298 588 scvamo
317 520 347 572 et
366 511 457 571 farina
478 511 573 572 tritici.
604 523 703 574 semen
722 513 848 574 inlinitur
866 513 925 589 ig'ni
946 528 1049 586 sacro,
1069 510 1123 571 llos
1141 517 1172 569 et

180 597 251 663 lolia
265 596 394 658 ulcemm
410 596 562 672 vetustati,
591 609 679 656 sucus
693 598 741 674 qni
756 595 829 657 dore
844 613 1002 675 expressus
1021 603 1119 656 est-
1136 593 1171 654 ab

180 680 244 742 aliis
256 679 314 740 mel
325 686 454 755 vocatur,
466 676 503 764 ab
518 676 581 738 aliis
592 680 791 752 surium—ad
810 679 998 742 emolliendas
1009 678 1111 738 volvas
1126 693 1192 738 sus

181 765 327 840 deresque
343 761 494 823 iaciendos
511 769 541 822 et
555 764 776 840 suppurationes
790 761 1024 840 concoquendae.
1119 817 1120 820 ,

139 859 190 915 123
254 846 337 926 (75.)
368 844 496 906 Narcissi
521 844 577 904 duo
604 860 713 921 genera
733 847 763 916 jn
789 865 871 909 usum
894 846 1000 906 medici
1022 844 1173 923 recipiunt,
1250 833 1252 900 l

181 947 326 1012 purpureo
342 928 414 989 bore
435 936 465 988 et
484 926 604 991 alterum
621 928 805 990 herbaceum.
836 930 912 992 hunc
929 928 1080 991 stomacho
1095 928 1173 986 inuti·

181 1017 239 1080 lem
253 1023 283 1073 et
297 1014 363 1074 ideo
375 1010 555 1072 vomitorium
569 1011 709 1092 alvosque
721 1013 898 1094 solventem,
914 1015 1012 1074 nervis
1023 1012 1174 1085 inimicum,

182 1107 268 1177 eaput
281 1104 448 1173 gravantem
463 1104 491 1155 et
506 1112 620 1156 anarce
631 1098 788 1170 narcissum
804 1097 924 1172 dictum,
943 1114 1001 1156 non
1013 1113 1030 1157 a
1041 1093 1174 1155 labulcso
1184 1111 1205 1154 rc

121 1231 123 1238 ,
141 1193 193 1250 ιιι
202 1196 303 1259 puero.
337 1180 485 1256 utriusque
498 1178 581 1240 radix
600 1180 702 1240 mulsei
720 1182 833 1258 saporis
855 1189 908 1242 est.
934 1179 1070 1242 ambustis
1089 1176 1175 1257 prod·

183 1273 228 1328 est
252 1263 358 1337 exiguo
388 1277 405 1319 e
429 1260 532 1338 melle,
570 1263 614 1321 sic
640 1271 669 1321 et
689 1263 857 1323 volneribus
886 1271 914 1320 et
939 1263 1059 1337 luxatis,
1095 1261 1176 1339 panis

78 1347 83 1356 '
182 1363 252 1409 vero
269 1361 333 1405 cum
352 1342 439 1402 melle
460 1351 490 1401 et
510 1361 621 1403 avenae
641 1344 743 1404 farina.
774 1347 819 1405 sic
840 1354 869 1405 et
885 1345 972 1405 infixa
990 1347 1108 1420 corpori
1127 1363 1174 1404 ex-

181 1428 274 1490 trahit.
304 1428 333 1488 in
347 1425 465 1506 polenta
479 1426 561 1485 tritus
578 1425 707 1504 oleoque
719 1429 865 1489 contunsis
886 1427 1018 1488 medetur
1034 1435 1063 1486 et
1078 1426 1175 1506 lapide

182 1513 340 1594 percussis.
369 1517 473 1589 purgat
494 1508 614 1570 volnera
637 1511 793 1588 permixtus
814 1511 940 1586 larinas,
971 1512 1069 1588 nigras
1090 1510 1206 1588 vitili-ru

183 1599 266 1676 gines
279 1593 430 1654 emaculat.
461 1611 498 1652 ex
513 1591 570 1656 hoc
583 1592 658 1656 dere
678 1593 709 1653 lit
723 1596 910 1657 narcissinum
925 1595 1021 1670 oleum
1036 1593 1073 1656 ad
1088 1593 1177 1654 emol-

183 1679 295 1742 liendas
315 1678 446 1758 duritias,
465 1675 662 1740 calefacienda
683 1694 757 1756 quae
772 1677 906 1756 alserint,
929 1678 1045 1740 auribus
1060 1677 1177 1739 utilissi-

184 1782 269 1840 mum,
282 1761 334 1822 sed
350 1770 380 1822 et
395 1761 498 1839 capitis
516 1759 633 1824 dolores
647 1759 725 1822 iacit.

87 1869 94 1908 ι
144 1860 196 1912 130
258 1845 342 1925 (76.)
364 1843 637 1907 Violae‘silvestres
661 1851 691 1904 et
713 1845 832 1904 sativae.
868 1843 1178 1924 purpureaereirige·

184 1939 257 1992 naut.
293 1936 392 1996 oontm
407 1927 642 1989 inflammationes
655 1927 807 1990 inlinuntur
821 1927 970 1989 stomacho
986 1927 1112 1990 ardenti,
1136 1928 1209 1989 inno

184 2019 327 2091 ponuntur
340 2019 371 2070 et
393 2011 479 2090 capiti
496 2011 525 2071 in
538 2009 651 2086 fronte,
673 2009 821 2077 oculorum
837 2012 968 2091 privatim
983 2011 1134 2091 epiphoris
1149 2020 1180 2071 et

186 2095 257 2154 sede
275 2092 444 2173 procidente
464 2093 588 2154 volvave
608 2102 637 2153 et
652 2103 752 2156 contra
767 2097 1000 2173 suppurationes.
1031 2093 1180 2174 crapulam

186 2187 215 2237 et
229 2176 403 2255 gravedines
424 2177 526 2255 eapitis
542 2177 674 2256 inpositis
683 2179 806 2245 coronis
828 2178 993 2256 olfactuque
1014 2179 1178 2253 discutiunt,

185 2263 306 2339 anginas
320 2279 359 2322 ex
373 2277 445 2338 aqna
460 2267 555 2339 potae.
585 2259 613 2320 id
634 2260 711 2338 quod
726 2275 901 2339 purpureum
918 2279 956 2321 ex
973 2262 1008 2321 iis
1027 2261 1179 2322 comitiali·
1250 2273 1251 2308 1

146 2345 259 2412 131bus
272 2344 419 2418 medetur,
443 2360 572 2402 maxume
597 2345 709 2422 pueris,
734 2345 763 2404 in
777 2361 851 2422 aqua
869 2355 974 2423 potum.
1001 2363 1099 2406 semen
1118 2347 1212 2408 vio-sa
1250 2375 1251 2386 ι

185 2430 233 2490 lae
257 2425 459 2504 scorpionibus
484 2423 659 2486 adversatur.
700 2433 799 2488 contra
830 2427 885 2488 bos
912 2426 996 2488 albae
1019 2438 1182 2509 suppurata

105 2555 108 2562 .
186 2511 293 2589 aperit,
315 2510 384 2586 ipsa·
400 2509 523 2574 discutit.
553 2517 583 2574 et
596 2508 661 2568 albo
685 2519 778 2571 autem
803 2519 832 2572 et
846 2511 922 2570 lutea
946 2519 1084 2571 extenuat
1100 2529 1182 2572 men-

188 2604 283 2668 strua,
309 2592 417 2652 urinam
439 2591 504 2651 ciet.
532 2593 623 2652 minor
643 2591 688 2658 vis
711 2602 756 2652 est
771 2593 953 2669 recentibus,
978 2594 1103 2673 ideoque
1126 2597 1183 2656 ari-

186 2676 232 2736 dis
248 2684 315 2754 pest
333 2692 434 2736 annum
449 2674 590 2737 utendum.
620 2675 696 2736 lutea
718 2675 831 2738 dimidio
848 2677 951 2753 cyatho
971 2678 999 2737 in
1015 2691 1108 2756 aquae
1132 2679 1183 2739 tri·
1249 2699 1250 2706 ¹

187 2758 240 2819 bus
255 2775 369 2819 menses
384 2757 477 2819 trahit.
506 2755 619 2822 radices
637 2760 699 2819 eius
717 2778 780 2820 cum
796 2769 879 2821 aceto
895 2761 992 2821 inlitae
1009 2761 1111 2822 sedant
1127 2761 1183 2828 lie·
1193 2780 1215 2822 ac

188 2845 268 2918 hem,
288 2845 362 2908 ¹item
387 2840 561 2921 podagram,
584 2842 731 2902 oculmnm
751 2852 844 2904 autem
862 2843 1096 2920 inflammationes
1115 2863 1183 2905 cum

187 2944 281 2986 murra
296 2936 325 2986 et
339 2942 438 2986 croco.
463 2925 539 2988 'felia
556 2943 618 2986 cnm
632 2925 720 2986 melle
736 2935 858 3005 purgant
872 2928 974 3006 capitis
987 2927 1097 3006 ulcera,
1116 2947 1185 2992 cuns

184 3020 287 3080 cerato
311 3011 397 3072 rimas
421 3007 497 3068 sedis
520 3017 551 3068 et
566 3025 639 3086 quae
664 3011 692 3068 in
713 3009 814 3070 umidis
840 3019 921 3086 sunt,
951 3029 989 3072 ex
1003 3020 1087 3072 aceto
1104 3030 1185 3074 vero
1249 3053 1250 3076 i

151 3150 153 3160 ,
188 3093 378 3154 collectiones
394 3099 502 3152 sanant.
610 3111 612 3116 ¹

35 3171 40 3180 ’
147 3185 199 3240 132
263 3176 346 3255 (77.)
365 3176 476 3236 Baccar
501 3175 529 3233 in
554 3176 712 3236 medicinae
737 3193 789 3236 usu
814 3175 901 3256 aliqui
923 3195 960 3238 ex
983 3179 1090 3240 nostris
1111 3197 1221 3257 per-ss

189 3277 319 3338 pressam
334 3267 448 3323 venant.
480 3258 629 3321 auxiliatur
645 3267 743 3329 contra
756 3261 914 3339 serpentis,
941 3263 1042 3340 capitis
1057 3261 1187 3325 dolores

146 3353 156 3368 ’
188 3342 395 3421 fervoresque,
418 3343 485 3404 item
502 3342 667 3422 epiphoras.
690 3344 838 3422 inponitur
856 3346 983 3406 mammis
1003 3345 1188 3408 tumentibus

131 3457 133 3462 ,
190 3433 309 3502 apartu
332 3433 361 3489 et
386 3425 538 3504 aegilopiis
563 3425 765 3504 incipientibus
790 3436 819 3487 et
838 3425 953 3506 ignibus
973 3429 1072 3493 saeris.
1104 3429 1189 3492 odor
