2534 3866
195 227 235 290 86
551 235 855 284 o.ec1rr1suouuo1

195 392 286 454 tribus
308 387 477 452 decausis:
506 409 562 451 uua
588 392 617 450 vi
640 393 851 469 tempestatium
874 390 1048 468 germinibus
1072 390 1186 468 ablatis,

163 542 165 554 ,
195 477 302 552 altera,
329 486 359 536 ut
371 477 480 536 notavit
500 473 734 552 Theophrastus,
759 477 786 534 in
807 477 938 552 supinum
959 473 1082 549 excisis,
1105 477 1187 536 tertia

194 561 323 621 culturae
338 559 470 638 inperitia
492 557 589 626 laesis.
622 555 728 617 Omnes
752 576 848 618 earum
869 559 995 618 iniuriae
1012 559 1040 616 in
1060 558 1185 619 articulis

196 646 362 708 sentiuntur.
392 641 575 702 siderationis
589 658 680 718 genus
702 651 746 702 est
762 644 789 702 in
804 643 847 701 his
865 641 1129 702 deflorescentibus
1140 661 1184 703 ro·

194 728 279 806 ratio,
296 737 342 787 aut
356 745 418 786 cum
430 726 505 785 acini
516 725 682 802 priusquam
693 734 827 784 crescant
838 725 1016 785 decocuntur
1029 726 1058 783 in
1073 725 1185 785 callum.
1200 743 1213 782 a
1256 754 1257 778 r

195 805 348 888 aegrotant
364 820 393 869 et
409 827 472 868 cum
487 806 594 884 alsere,
605 807 693 867 laesis
707 808 827 868 uredine
838 818 1014 868 attonsarum
1029 809 1131 869 oculis.
1158 819 1187 869 et

196 895 295 956 calore
310 895 367 958 hoc
382 893 715 970 evenitintempestivc,
739 893 873 970 quoniam
899 894 992 952 omnia
1011 892 1097 956 modo
1120 911 1187 955 con·

153 987 204 1042 aut
217 986 292 1038 stant
308 987 450 1053 certoque
470 984 709 1053 temperamento.
740 974 824 1034 Fiant
845 985 873 1034 et
894 975 978 1054 crrlpa
1000 977 1068 1034 vitia
1089 977 1187 1036 colen·

39 1120 44 1132 Ι
144 1085 189 1118 aaa
200 1064 285 1136 tium,
307 1078 371 1120 cum
387 1060 651 1137 praestringuntur,
669 1068 698 1118 ut
714 1057 820 1118 dictarm
836 1068 897 1135 est,
920 1069 967 1119 aut
984 1059 1189 1120 circumfossor

164 1209 168 1216 ,
197 1145 333 1203 iniurioso
351 1145 410 1201 ictu
424 1142 601 1218 verberavit,
611 1142 659 1201 vel
675 1143 760 1201 etiam
774 1142 926 1203 subarator
940 1143 1096 1220 inprudens
1110 1143 1223 1204 luxa-10

195 1229 236 1298 vit
250 1226 365 1290 radices
382 1243 527 1304 corpusve
544 1226 750 1304 desquamavit.
787 1235 831 1286 cst
853 1236 882 1286 et
899 1227 1039 1306 quaedam
1057 1230 1188 1288 contusio
1235 1298 1238 1309 s

197 1310 280 1374 iaicis
299 1309 469 1369 hebetioris.
505 1309 607 1387 quibus
628 1309 758 1368 omnibus
780 1310 875 1369 causis
900 1310 1044 1370 difficilius
1066 1311 1189 1372 tolerant

196 1385 306 1470 frigora'
322 1403 370 1452 aut
384 1401 493 1468 aestus,
509 1394 643 1470 quoniam
657 1395 685 1452 in
699 1393 782 1452 ulcus
798 1402 932 1471 penetrat
945 1395 1050 1453 iniuria
1064 1397 1156 1472 ¹omnis
1173 1414 1189 1455 a

197 1477 278 1536 ioris.
299 1476 498 1536 infirmissima
521 1493 592 1535 vero
615 1477 705 1536 malus
722 1495 912 1556 maxumeque
935 1495 1009 1556 quae
1026 1477 1117 1537 dulcis
1133 1489 1187 1538 est.

154 1569 207 1626 228
218 1559 393 1634 Quibusdam
411 1559 545 1620 debilitas
559 1559 758 1636 sterilitatem,
779 1577 836 1620 non
856 1578 958 1619 necem
981 1560 1092 1636 adfert,
1112 1571 1142 1620 ut
1165 1562 1188 1622 si
1201 1579 1226 1620 ra

198 1645 262 1723 quis
275 1646 343 1723 pino
357 1662 494 1704 cacumen
506 1643 674 1704 auleratrel
688 1644 810 1721 palmae.
838 1645 1022 1704 sterilescunt
1035 1646 1120 1722 enim,
1133 1641 1189 1705 nec

198 1729 364 1789 moriuntur.
400 1727 562 1804 Aegrotant
582 1711 734 1806 aliquando
758 1737 787 1786 et
807 1745 892 1806 poma
913 1729 976 1806 ipsa
997 1745 1051 1806 per
1072 1747 1104 1788 se
1127 1730 1189 1788 sine

199 1811 314 1887 arbore,
331 1813 355 1870 si
370 1812 545 1872 necessariis
561 1811 739 1889 temporibus
748 1811 861 1871 imbres
877 1821 924 1871 aut
939 1821 1056 1889 tepores
1073 1811 1122 1872 v'el
1137 1813 1189 1872 ad-

199 1896 281 1955 llatus
306 1894 426 1954 deicere
449 1903 496 1955 aut
521 1904 619 1980 opntra
647 1894 840 1955 abundavere.
884 1894 1019 1957 decidunt
1043 1897 1118 1954 enim
1141 1905 1190 1955 aut

198 1978 345 2038 deteriora
360 1977 438 2036 liunt.
472 1995 634 2056 pessumum
650 1987 696 2038 est
710 1981 784 2039 inter
799 1978 902 2054 omnia,
917 1996 980 2038 cum
991 1979 1189 2040 deflorescen·
1200 1996 1228 2036 ao

195 2069 257 2119 tem
275 2062 361 2120 vitem
377 2070 406 2120 et
422 2061 515 2121 oleam
539 2063 683 2140 percussit
704 2062 811 2138 imber,
835 2064 967 2140 quoniam
987 2063 1070 2123 simul
1091 2063 1190 2124 delluit
1256 2057 1257 2080 ¹

157 2144 339 2207 coafractus.
363 2145 403 2223 ll]
418 2145 488 2204 Sunt
500 2164 538 2205 cx
549 2146 650 2205 eadem
666 2164 752 2206 causa
766 2155 919 2205 nascentes
928 2155 957 2205 et
967 2165 1085 2222 ruucae,
1099 2146 1190 2210 dirum

199 2228 312 2302 animal,
328 2227 505 2308 eroduntque
521 2229 667 2304 frondem,
684 2230 888 2310 aliaexdorem,
906 2229 1043 2289 olivarnm
1061 2247 1188 2310 quoque,

150 2357 151 2360 ,
172 2367 175 2372 .
200 2322 231 2372 ut
245 2313 273 2370 in
287 2309 449 2388 lllileto,.ac
464 2313 612 2390 depastam
627 2313 759 2372 arborem
774 2315 850 2391 turpi
864 2313 939 2372 iacie
954 2314 1105 2374 relincunt.
1139 2332 1189 2374 na·

179 2430 181 2434 ·
199 2397 289 2454 scitur
302 2394 359 2454 hoc
373 2396 476 2454 malum
491 2403 595 2473 tepore
609 2393 704 2456 umido
718 2405 747 2454 et
762 2395 852 2456 lento.
884 2397 914 2456 lut
927 2397 1002 2457 aliud
1018 2416 1055 2456 ex
1070 2398 1188 2475 eodem,
1200 2415 1227 2455 aa

200 2480 224 2537 si
239 2477 285 2537 sol
304 2480 399 2537 acrior
412 2479 558 2538 insecutus
579 2478 680 2538 inussit
698 2479 790 2557 ipsam
805 2481 900 2539 vitium
920 2482 1046 2558 ideoque
1060 2483 1189 2542 mutavit.

158 2561 160 2568 ’
200 2560 253 2620 Est
277 2561 427 2621 etiamnum
454 2561 601 2639 peculiare
626 2561 710 2621 olivis
741 2569 771 2622 et
791 2562 894 2622 vitibus
915 2599 958 2608 -
977 2581 1112 2624 araneum
1136 2583 1189 2625 vo·

202 2652 330 2718 cant—,
356 2661 418 2703 cum
445 2644 533 2704 veluti
559 2645 637 2704 telae
662 2645 809 2709 involvent
833 2646 955 2706 fructum
978 2657 1007 2706 et
1027 2647 1189 2708 absumunt.

158 2737 210 2791 230
223 2727 352 2786 Adurunt
371 2737 400 2786 et
415 2728 497 2788 flatus
514 2729 626 2806 quidam
644 2746 694 2788 eas
709 2747 849 2806 maxume,
866 2730 918 2790 sed
934 2739 962 2789 et
977 2731 1050 2791 alios
1065 2732 1189 2792 inactus.

200 2830 263 2871 nam
276 2812 539 2872 vermiculationem
561 2821 590 2871 ct
610 2829 694 2889 poma
717 2815 849 2892 ipseper
869 2831 902 2872 se
923 2813 1089 2892 quibusdam
1106 2819 1228 2877 annisao
1256 2821 1257 2900 q

200 2896 322 2962 sentiunt
337 2894 420 2970 mala,
437 2897 509 2974 pira,
525 2896 656 2974 mespila,
672 2898 786 2974 punica.
809 2898 838 2956 in
850 2895 926 2956 oliva
939 2899 1054 2976 ancipiti
1070 2910 1189 2974 eventu,
1256 2909 1257 2976 1

200 2977 313 3057 mando
329 2978 383 3038 sub
399 2988 464 3038 cute
478 2980 535 3039 nati
549 2979 673 3038 'iructum
688 2978 820 3058 adimunt,
838 2990 953 3056 augent,
970 2981 994 3038 si
1012 2979 1121 3060 inipso
1137 3002 1189 3043 nu·

120 3065 121 3072 ’
200 3063 265 3122 cleo
280 3061 363 3121 hiere
380 3062 534 3121 erodentes
551 3079 624 3121 eum.
648 3061 805 3139 quniillos
821 3062 972 3141 prohibent
984 3064 1099 3141 pluviae
1112 3085 1191 3145 quae

201 3147 268 3204 liunt
282 3155 348 3222 post
362 3153 513 3204 arcturum.
541 3144 661 3205 eaedem
681 3147 708 3204 si
725 3147 867 3206 austrinae
889 3147 986 3223 luere,
1003 3152 1192 3224 generantia

201 3228 318 3306 druppis
337 3244 462 3306 quoque,
476 3245 551 3306 quae
565 3237 790 3289 maturescentes
805 3239 862 3290 tum
876 3237 941 3288 sunt
961 3233 1120 3311 praecipue
1140 3251 1190 3293 ca·
1202 3249 1231 3292 aa

158 3321 208 3374 231
221 3310 322 3370 ducac.
353 3310 381 3370 id
394 3311 482 3388 riguis
497 3315 587 3388 magis
606 3312 716 3386 evcnit,
737 3314 846 3372 etiamsi
861 3319 917 3373 non
932 3314 1083 3390 cecidere,
1105 3316 1190 3376 iasti-

200 3394 320 3454 diendis.
350 3395 420 3455 Sunt
442 3404 471 3454 et
490 3395 610 3454 culicum
628 3411 736 3470 genera
753 3395 854 3473 alirpris
872 3396 1009 3470 molesta,
1027 3405 1056 3455 ut
1073 3400 1190 3476 glandi·

200 3477 269 3554 bus,
291 3476 363 3554 lico,
383 3480 431 3556 qui
451 3479 582 3539 ridentur
602 3496 639 3538 cx
658 3496 757 3538 tunore
775 3481 871 3556 nasci,
895 3488 952 3538 tum
973 3479 1049 3540 dulci
1065 3482 1190 3544 subdito
