2538 3864
186 199 247 286 266
521 209 551 259 o.
567 209 663 258 nuru
680 207 829 258 sacuam
863 233 865 238 .

185 368 239 428 bus
255 365 360 426 orsbro
375 361 496 426 llr'aaols
511 363 671 424 nominibus
687 363 821 424 utendum
833 371 896 438 ast,
917 361 1180 440 interpretationem

185 465 286 511 eorum
301 449 394 510 semol
406 449 464 510 boo
477 449 507 508 in
522 449 590 510 loos
604 465 759 528 ponamus:
781 446 925 508 llraalsraa
938 444 1049 525 Attiou,
1063 473 1106 490 n-
1118 443 1180 504 lara

186 536 261 595 enim
277 533 373 594 Attica
393 533 599 594 observatione
618 531 723 592 madidi
739 539 853 592 umstnr
866 557 924 606 ω,
935 529 1036 592 danari
1052 528 1182 606 argentei

184 616 273 678 babet
297 617 426 696 pondus,
439 617 599 695 eadsmqm
609 629 647 676 vn
658 615 764 676 obolas
774 613 905 694 pandera
917 613 1026 688 allicit,
1041 610 1182 672 obolusx

185 701 315 762 olraloos.
338 701 458 778 uyatbas
475 700 583 780 pandat
598 697 748 760 dmabmas
764 709 798 758 x.
814 716 878 764 oum
892 696 1037 760 rostabuli
1050 712 1202 758 mansuras

185 785 303 861 dioitur‚
320 785 463 863 signidoat
475 785 606 845 heminae
619 792 761 863 quartam,
776 781 805 843 id
818 788 864 843 ast
878 781 1028 842 draubmas
1039 794 1096 842 xv.
1107 793 1182 856 mna,

185 885 268 948 quarn
281 871 373 930 nostri
386 869 489 930 minam
502 877 625 945 nonant,
643 867 750 946 pandet
766 866 916 928 draolrmns
931 865 1043 926 Attinas
1058 877 1088 925 o.

423 1463 458 1547 0.
486 1463 638 1547 l’bllll
664 1457 899 1550 tibitibi

254 1633 641 1746 llliiltllli
683 1623 1068 1728 iiiitlt'itltii

492 1809 831 1880 uroaasxxn.

587 1987 739 2005 w

162 2132 178 2182 1
241 2119 328 2198 (Saot
343 2121 388 2198 1.)
408 2117 542 2196 inplesaa
569 2129 704 2197 poterant
723 2119 888 2180 mimoulum
910 2120 955 2180 sui
976 2123 1075 2178 natura
1096 2125 1185 2194 atque

183 2201 270 2262 tellus
297 2203 442 2282 reputanti
469 2202 518 2262 vel
539 2203 644 2280 prioris
671 2211 777 2263 tanmm
796 2203 949 2264 voluminis
968 2201 1052 2263 dotas
1079 2205 1185 2278 totque

182 2303 292 2362 genera
302 2285 455 2347 barbarum
465 2285 633 2346 utilitatibus
648 2284 791 2346 hominurn
801 2295 849 2346 aut
863 2283 1059 2364 voluptatibus
1073 2286 1184 2359 genita.

182 2369 236 2430 sed
252 2378 357 2448 quanto
372 2369 454 2448 plura
468 2375 577 2428 remant
591 2378 755 2446 quantoque
769 2369 947 2434 mirabiliora
964 2363 1103 2428 inventu?
1133 2365 1217 2428 illast

117 2453 122 2473 ⁸
183 2455 256 2513 enim
271 2453 381 2512 maiore
396 2454 424 2510 ia
441 2459 524 2529 parta
542 2450 599 2512 oibi
613 2461 662 2512 aut
676 2451 775 2513 odoris
795 2452 950 2513 danorisva
971 2450 1185 2512 commendatio

183 2536 219 2595 sd
234 2551 386 2596 numerosa
401 2536 599 2616 experimenta
614 2534 707 2610 duxit,
729 2535 903 2614 reliquarum
924 2536 1053 2616 potantia
1075 2535 1185 2613 adpro·

181 2618 230 2676 bat
251 2617 321 2678 nihil
340 2617 377 2678 ab
392 2631 488 2677 rarum
503 2625 604 2678 natum
617 2619 679 2679 sino
696 2619 791 2698 aliqua
806 2619 968 2680 nonultiora
984 2634 1071 2680 nausa
1089 2620 1184 2696 gigni.

159 2709 176 2762 2
238 2700 308 2780 Cap.
329 2702 355 2762 l.
376 2700 437 2780 (2.)
460 2699 602 2780 Equidem
616 2711 647 2761 et
665 2702 776 2764 formas
793 2703 1028 2783 gratia-ritusque
1044 2705 1186 2780 perpetui

181 2784 209 2843 in
224 2785 398 2864 corporibus
412 2786 472 2845 suis
494 2785 605 2865 aliquas
619 2795 783 2847 exterarum
804 2787 929 2863 gentium
944 2787 983 2848 uti
999 2785 1098 2846 barbis
1119 2788 1219 2864 qui-an

181 2867 300 2929 busdam
314 2870 434 2930 adverto
447 2871 549 2928 animo.
566 2869 684 2930 inlinunt
700 2879 780 2930 oarte
797 2869 861 2929 aliis
875 2870 949 2932 aliae
966 2867 1071 2930 laoiam
1081 2869 1110 2929 in
1127 2887 1184 2947 po·

180 2953 255 3032 pulis
276 2953 462 3014 barbarorum
482 2952 621 3029 laminas,
648 2968 800 3031 murosque
825 2954 910 3015 utiam
932 2953 1007 3033 apud
1028 2952 1126 3014 Dacos
1154 2962 1187 3012 et

180 3035 325 3097 Sarmatas
346 3051 471 3115 corpora
491 3053 542 3097 sua
564 3035 731 3099 inscribunt.
762 3035 862 3098 similis
882 3037 1038 3116 plantagini
1054 3036 1187 3113 glastum
1248 3079 1249 3088 2

181 3120 209 3180 in
226 3119 318 3180 Gallia
332 3129 470 3196 vocatur,
485 3119 681 3180 Britannorum
702 3119 842 3197 coniuges
865 3127 1010 3198 uniusque
1029 3129 1091 3180 toto
1113 3138 1185 3182 oor·

181 3217 254 3280 pore
278 3203 387 3264 oblitae
404 3201 570 3281 quibusdam
591 3205 620 3263 in
638 3203 839 3264 saorisnudae
856 3203 992 3264 incedunt
1002 3203 1187 3283 Aethiopum
1196 3229 1224 3271 aa

182 3286 311 3346 colorem
324 3287 476 3346 imitantes.

158 3375 176 3430 3
237 3367 268 3428 2.
291 3369 351 3445 (3.)
373 3369 431 3429 lam
455 3385 527 3429 asro
553 3370 630 3430 indui
657 3370 748 3428 vastis
775 3372 880 3431 suimus
907 3367 1067 3435 admirabili
1096 3370 1186 3447 iuno,

67 3448 72 3457 “
180 3460 267 3536 atqua
289 3461 319 3512 ut
339 3451 473 3512 sileamus
494 3451 638 3530 Galatiae,
660 3452 794 3532 Africae,
815 3451 975 3516 lusitaniae
991 3455 1088 3532 graiis
1108 3471 1186 3516 ooc-
