2538 3864
182 196 243 260 228
512 197 816 250 oemmsuounm

183 379 272 440 gare,
294 373 452 437 persanare
473 357 660 435 promittens,
683 352 769 413 inlitis
791 353 876 412 etiam
897 349 1065 412 volneribus
1080 365 1097 408 a
1111 364 1181 408 cane

185 445 271 506 iactis
285 450 370 502 tunso
386 458 454 523 cum,
464 439 589 516 axungia
600 437 703 497 veteri.
1138 475 1142 488 ,

142 541 194 596 245
270 526 355 606 (90.)
374 522 540 602 Serpyllum
555 539 572 582 a
588 520 734 598 serpendo
748 528 847 598 putant
860 519 976 593 dictum,
1001 514 1078 595 qood
1094 517 1122 575 iu
1135 515 1181 574 sil·

184 613 276 672 vestri
292 608 405 683 everrit,
424 609 452 666 in
468 606 558 684 petris
574 621 716 664 maxume.
744 605 865 672 satiram
881 619 939 662 nou
953 603 1061 680 serpit,
1084 599 1135 659 sed
1148 600 1183 659 ad

167 684 309 774 'palmum
325 690 473 752 altitudine
493 689 640 748 increscit.
671 688 805 766 pinguius
827 687 1017 747 voluntarium
1038 693 1067 744 et
1089 683 1208 744 caudi-s

183 777 314 838 dioribus
329 775 408 835 loliis
423 773 586 851 ramisque,
606 772 747 833 adversus
762 772 906 849 serpentis
919 770 1034 846 efficax,
1057 784 1186 827 maxume

187 860 332 921 cenchrim
349 867 379 918 et
392 855 603 935 scolopendras
619 851 768 916 terrestris
782 873 818 915 ac
828 855 951 914 marinas
964 863 993 912 et
1005 853 1186 930 scorpiones,

188 945 317 1005 decoctis
334 959 372 1001 ex
387 942 456 1000 rino
477 940 564 1000 ramis
583 939 731 1018 foliisque.
764 938 845 1016 lugat
869 946 899 997 et
916 937 1007 997 odore
1031 937 1138 1011 omnis,
1164 936 1188 993 si

144 1037 196 1092 246
208 1036 321 1101 uratur,
342 1035 371 1085 et
387 1033 487 1084 eontra
503 1023 675 1084 marinorum
690 1041 801 1082 venena
820 1022 977 1101 praecipue
992 1021 1081 1081 valet.
1113 1021 1187 1097 oapi·

189 1113 225 1170 tis
240 1108 390 1170 doloribus
405 1108 558 1168 decoctum
574 1108 603 1166 in
618 1117 702 1170 aceto
718 1107 844 1167 inlinitur
858 1105 1035 1186 temporibus
1051 1121 1084 1164 ao
1105 1102 1220 1190 frontipo

189 1212 252 1269 cum
268 1208 411 1267 rosaceo,
433 1193 501 1251 item
523 1191 717 1270 phreneticis,
742 1190 926 1266 lethargicis,
951 1197 1051 1249 contra
1070 1188 1190 1254 tormina

65 1313 94 1339 -.
168 1286 218 1344 ,et
238 1277 338 1338 urinae
358 1275 561 1346 difficultates,
584 1276 717 1348 anginas,
740 1274 928 1344 vomitiones,
952 1271 1095 1331 drachmis
1111 1279 1190 1348 quat·

188 1349 255 1420 lucr
275 1358 367 1420 datur.
386 1375 437 1416 ex
453 1373 529 1432 aqua
549 1353 655 1413 bibitur
669 1354 705 1411 ad
724 1354 882 1412 iocinerum
903 1353 1087 1412 desiderium.
1121 1352 1193 1412 lolia

149 1446 152 1454 ’
190 1442 285 1503 obolis
304 1447 437 1521 quattuor
452 1437 553 1496 dantur
570 1435 606 1494 ad
626 1435 731 1494 lienem
755 1453 792 1494 ex
809 1443 904 1499 aceto.
934 1435 970 1494 ad
988 1443 1122 1495 cruentas
1141 1454 1192 1494 ex·

190 1527 369 1586 screationes
384 1520 484 1580 teritur
498 1519 527 1577 in
542 1517 655 1598 cyathis
672 1516 784 1577 duobus
799 1509 874 1578 a'ceti
890 1526 918 1577 et
933 1517 1037 1578 mellis.
1204 1543 1222 1582 a

148 1617 200 1673 247
273 1604 355 1684 (91.)
380 1603 568 1678 Sisymbrium
585 1601 722 1661 silvestre
742 1601 910 1680 quibusdam
926 1601 1125 1677 thymbraeum
1142 1621 1194 1681 ap·

192 1693 345 1772 pellatam,
379 1687 477 1766 pedali
508 1703 565 1747 nou
596 1685 717 1764 amplius
743 1684 902 1746 altitudine.
947 1683 1023 1764 qood
1048 1686 1076 1744 in
1101 1686 1195 1763 riguis

191 1775 316 1836 nascitur
330 1772 423 1833 simile
440 1772 579 1832 nasturtio
593 1778 655 1846 est,
683 1777 834 1847 utrumque
850 1768 955 1830 efficax
964 1769 1110 1829 ‘adversus
1126 1787 1195 1830 acu·

191 1861 268 1920 leata
283 1855 429 1932 animalia,
451 1863 481 1913 ut
496 1854 653 1914 crabrones
669 1860 698 1914 et
713 1853 831 1928 similia,
855 1852 933 1931 quod
950 1854 979 1912 in
990 1855 1070 1912 sicco
1088 1851 1195 1914 odora-

192 1951 250 2015 tum
271 1935 365 1999 est'et
380 1937 664 2012 inseriturcoroais,
691 1937 857 2013 angustiore
878 1936 977 2005 lolio„
995 1937 1097 1996 sedant
1117 1945 1229 1997 utra-eo

192 2039 248 2100 que
267 2020 369 2101 capitis
383 2020 531 2097 dolorem,
554 2023 621 2082 item
637 2020 810 2098 epiphoras,
827 2028 858 2079 ut
872 2016 999 2080 Philinus
1016 2021 1111 2083 tradit.
1148 2021 1198 2080 alii

60 2113 62 2127 '
148 2114 315 2181 adspanem
334 2103 458 2182 addunt,
483 2104 533 2165 alii
553 2123 607 2184 per
627 2121 660 2162 se
676 2103 818 2164 decocunt
836 2104 864 2162 in
881 2105 959 2164 mnu.
991 2114 1074 2164 sanat
1090 2113 1120 2164 et
1135 2106 1198 2182 epi-

191 2187 322 2264 nyctidas
337 2191 468 2266 cutisque
481 2188 551 2248 vitia
567 2189 603 2247 in
621 2186 698 2246 iacie
712 2187 861 2270 mulierum
881 2187 954 2248 iutra
969 2196 1099 2266 quartum
1119 2188 1199 2248 diem

191 2271 327 2334 noctibus
352 2273 509 2350 inpositum
526 2271 687 2349 diebusque
709 2270 878 2331 detractum.
919 2272 1110 2347 vomitiones,
1139 2273 1201 2332 ein-

191 2355 307 2432 gnltus,
338 2357 476 2430 tormina,
506 2353 644 2415 stomachi
670 2352 877 2414 dissolutiones
906 2354 1041 2430 cohibet,
1075 2357 1140 2416 sive
1171 2357 1232 2416 ines

194 2438 260 2522 cibo
276 2447 418 2515 sumptum
434 2438 495 2496 sive
515 2454 587 2498 suco
606 2444 714 2516 potum.
748 2453 805 2496 uon
824 2437 966 2499 edendum
985 2437 1116 2516 gravidis
1141 2443 1203 2500 nisi

127 2595 130 2604 ,
193 2528 306 2578 mortuo
324 2527 485 2596 conceptu,
513 2523 627 2600 quippe
639 2520 724 2578 etiam
741 2521 895 2600 inpositum
918 2523 994 2582 eicit.
1025 2534 1123 2584 movet
1139 2527 1203 2585 uri·

193 2618 258 2660 nam
280 2619 343 2662 eum
363 2603 429 2661 vino
450 2610 563 2679 potum,
590 2603 725 2663 silvestre
748 2613 777 2664 et
799 2605 938 2665 calculos.
977 2623 1049 2704 qpos
1070 2607 1204 2684 vigilare
1248 2679 1249 2692 2

197 2699 270 2763 opus
286 2686 322 2744 sit
336 2686 442 2745 excitat
456 2685 579 2746 inlusum
593 2687 681 2765 capiti
697 2697 761 2746 oum
775 2698 870 2749 aceto.

139 2766 204 2832 Κ249
277 2767 360 2847 (92.)
382 2767 451 2835 Lini*
464 2787 563 2833 semen
586 2788 650 2830 cum
670 2769 734 2830 aliis
754 2773 869 2850 quidem
884 2772 912 2830 in
932 2790 986 2831 usu
1002 2781 1062 2847 est,
1089 2773 1147 2833 sed
1171 2785 1233 2834 etto

195 2868 296 2930 perse
310 2852 458 2912 mulierum
477 2854 549 2925 cutis
563 2854 632 2913 vitia
646 2852 778 2914 emendat
792 2857 820 2914 iu
837 2853 923 2930 lacie,
937 2856 1085 2915 oculorum
1103 2858 1205 2917 aciem

194 2951 267 2994 suco
282 2936 406 3018 adiurat.
435 2937 592 3013 epiphoras
606 2954 669 2997 cum
681 2946 745 2997 ture
760 2946 789 2996 et
806 2955 879 3016 aqua
895 2947 942 2999 aot
958 2957 1021 2999 eum
1042 2957 1141 3016 murra
1152 2962 1205 3002 ¹ac

195 3019 261 3078 vino
282 3019 382 3095 sedat,
413 3020 559 3096 parotidas
581 3037 645 3079 eum
665 3020 751 3080 melle
775 3029 823 3080 aut
843 3022 929 3102 adipe
951 3032 998 3083 aut
1019 3040 1106 3099 cera,
1138 3035 1205 3086 sto·

196 3102 290 3162 machi
309 3102 467 3161 solutiones
483 3103 645 3180 inspersum
660 3104 797 3183 polentae
814 3105 916 3182 modo,
940 3109 1058 3184 anginas
1073 3109 1103 3168 in
1121 3127 1207 3188 aqua

197 3192 227 3242 et
241 3184 309 3242 oleo
326 3185 477 3244 decoctum
496 3194 525 3244 et
544 3202 607 3246 cum
622 3204 712 3248 aneso
734 3186 851 3250 inlitum.
883 3199 1026 3266 torretur,
1049 3201 1080 3262 ut
1098 3192 1236 3253 atvoms

153 3276 208 3329 250
219 3267 309 3324 sistat.
340 3267 484 3328 coeliacis·
495 3277 524 3328 et
539 3270 720 3343 dysintericis
734 3272 877 3350 inponitur
892 3291 929 3332 ex
943 3283 1037 3334 aceto.
1069 3276 1106 3336 ad
1125 3279 1208 3338 ioci·

17 3356 23 3364 ·
73 3409 75 3412 ,
150 3381 160 3396 -
196 3348 274 3406 neris
294 3349 411 3410 dolores
426 3361 505 3412 estur
528 3371 591 3414 com
606 3374 660 3416 uva
677 3371 781 3434 passa,
807 3355 843 3417 ad
860 3357 994 3436 phthisim
1008 3358 1208 3421 utilissimee

198 3430 307 3494 semine
322 3431 390 3493 liunt
404 3435 563 3516 ecligmate.
596 3439 800 3520 musculorum,
816 3459 987 3520 nervorum,
1006 3443 1208 3508 articulorum
