2512 3858
199 156 237 214 12
533 127 838 215 o.ru1u1ssoouo1
944 178 948 202 ·

194 319 239 378 cui
254 327 331 379 tanta
342 318 387 380 ris
403 331 449 382 est
464 330 494 381 ut
504 337 532 380 m
540 318 677 398 Aegypto
690 335 815 398 corpora
831 317 975 380 homiuum
988 319 1186 382 detunctorum

195 396 333 480 perlusa
331 421 368 464 co
385 413 547 465 serventur

152 493 186 547 53
255 483 340 565 (22.)
372 488 505 566 Sequens
518 485 623 564 liquor,
641 487 767 546 crassior
783 485 838 545 iam
845 488 966 566 ,picem
983 487 1082 564 fundit
1113 487 1187 548 haec

132 573 140 588 ⁶
193 586 293 630 rursus
311 571 339 630 in
354 569 478 630 cortinas
493 585 596 630 aereas
619 571 750 630 coniecta
763 579 848 631 aceto
861 573 1003 649 spissatur
1019 581 1048 632 ut
1061 561 1186 668 coagulo

193 653 320 716 Bruttiae
338 671 498 731 cognomen
521 654 651 732 accepit,
667 652 752 714 doliis
770 653 914 714 dumtaxat
927 657 1063 734 vasisque
1082 653 1209 714 ceteri'ss

195 740 283 816 utilis,
300 740 412 800 lentore
429 736 465 797 ab
482 735 538 796 alia
551 739 618 815 pice
639 737 787 812 differens,
811 738 879 798 item
895 738 996 798 colore
1010 739 1143 800 rutilante
1159 747 1189 798 et

195 824 273 903 quod
286 823 417 902 pinguior
428 829 474 881 est
482 818 605 899 reliqua
635 821 685 882 illa
698 821 791 880 omnia
799 821 871 880 liunt
884 821 1006 898 spicea,
1022 825 1118 883 resina
1130 822 1188 882 ler-

195 907 326 975 ventibus
343 912 444 966 coacta
458 899 626 1004 lapidibus
618 922 646 962 m
662 903 754 964 alveis
768 904 856 965 validi
868 902 982 963 roboris
997 914 1054 982 aut,
1071 925 1096 965 ιι
1089 906 1189 966 alvei

152 1002 189 1058 54
200 1008 255 1051 nou
270 992 335 1064 sint,
352 988 438 1048 struis
454 990 603 1065 congerie,
619 988 724 1049 velut
715 1007 744 1046 ru
765 987 900 1048 carbonis
914 1005 976 1047 usu.
1005 951 1109 1048 Habe
1100 1007 1129 1047 ιιι
1145 991 1189 1048 ui·

194 1093 258 1136 num
270 1033 381 1132 additur
391 1072 501 1132 farinae
511 1073 597 1132 modo
608 1082 701 1148 tunsa,
717 1073 827 1150 nigrior
838 1071 951 1132 colore.
978 1072 1079 1131 eadem
1090 1073 1189 1133 resina
1201 1089 1221 1128 ro

194 1161 218 1219 si
233 1175 296 1217 com
313 1175 386 1235 aqua
409 1155 502 1216 levius
524 1155 703 1236 decoquatur
719 1155 913 1234 coleturque,
928 1154 993 1214 rulo
1009 1155 1110 1215 colore
1126 1155 1190 1216 leu-

144 1267 149 1273 ·
194 1241 280 1302 tescit
291 1257 326 1300 ac
335 1240 480 1300 stillaticia
492 1248 622 1299 vocatur.
645 1248 829 1318 seponuntur
839 1249 932 1300 autem
946 1238 981 1299 ad
995 1239 1023 1299 id
1038 1238 1103 1300 iere
1118 1241 1190 1300 vitia

192 1325 307 1385 resinae
323 1334 493 1403 cortexque.
524 1323 579 1384 alia
594 1325 750 1402 temperies
762 1323 800 1382 ad
811 1323 966 1402 crapulam.
993 1341 1117 1403 namque
1132 1323 1189 1387 llos

139 1430 142 1438 ’
193 1407 297 1469 crudus
309 1408 424 1467 resinae
442 1425 506 1469 curn
520 1406 606 1466 multa
622 1407 718 1467 a'ssula
733 1408 812 1467 tenui
827 1407 967 1484 brevique
983 1408 1101 1468 avolsus
1117 1425 1188 1468 oon⁴

100 1511 102 1519 ·
195 1490 305 1552 ciditur.
322 1491 357 1551 ad
370 1490 493 1552 cribrum
504 1491 609 1551 minuta
625 1491 691 1550 dein
705 1491 830 1551 ferventi
846 1507 930 1570 aqua,
945 1490 1039 1551 docco
1053 1498 1188 1569 cogatur,
1199 1509 1221 1549 rs

149 1583 183 1638 55
193 1574 382 1655 perfunditur
409 1575 526 1635 lluius
514 1591 684 1676 expressum
699 1575 805 1654 pingue
820 1575 976 1654 praecipua
990 1577 1085 1635 resina
1100 1575 1131 1635 lit
1144 1585 1187 1636 at·

192 1677 248 1738 que
264 1669 329 1720 rara
351 1678 406 1719 neo
428 1661 482 1719 nisi
489 1659 604 1759 ,paucis
622 1659 651 1718 iu
670 1658 744 1718 locis
765 1659 934 1738 subalpinae
955 1657 1066 1719 ltaliae
1079 1676 1187 1718 conve-

190 1745 271 1804 niens
284 1739 414 1807 medicis
437 1744 551 1803 resinae
563 1741 647 1804 albae
649 1744 794 1841 ,congium
804 1744 832 1802 iu
843 1743 954 1805 duobus
967 1761 1059 1822 aquae
1068 1743 1187 1822 pluviae

191 1837 304 1888 cocunt.
335 1827 384 1886 alii
400 1826 611 1925 utiliua,pqtant
629 1827 782 1904 siccaque
799 1845 927 1906 coquere
943 1827 1048 1886 lento·
1040 1845 1106 1904 igne
1120 1836 1187 1888 toto

191 1911 255 1987 die,
278 1911 378 1988 utique
399 1927 470 1970 vase
485 1911 560 1969 aeris
583 1907 657 1986 albi,
676 1911 743 1971 item
759 1910 1003 1971 terebinthinam
995 1929 1022 1969 ιιι
1039 1912 1222 1988 sartaginem

191 1995 289 2054 muers
317 1994 456 2070 ferventi,
489 1993 563 2054 hanc
591 1995 697 2106 ceteris
724 1985 937 2073 praeferentes.
979 2010 1118 2073 proxuma
1147 2013 1189 2056 ex

190 2078 323 2138 lentisco.
409 2101 414 2105 ·

147 2169 183 2225 56
255 2163 304 2223 12.
322 2162 405 2241 (23.)
436 2161 501 2221 Non
521 2163 703 2224 omittendum
726 2162 801 2242 apud
822 2162 940 2223 cosdem
966 2160 1109 2236 zopissam
1132 2181 1187 2222 vo·

192 2246 398 2313 caridcrasam
412 2246 533 2306 navibus
549 2249 695 2307 maritimis
706 2248 801 2323 picem
813 2263 876 2304 cum
891 2261 970 2320 cera,
982 2243 1049 2302 nihil
1059 2261 1117 2303 uon
1133 2265 1186 2306 ex·

191 2331 322 2408 periente
350 2331 424 2404 rita,
452 2329 540 2388 multo
571 2329 766 2388 efficaciorem
795 2327 945 2388 adomnia
972 2326 1076 2406 quibus
1100 2329 1220 2406 picesas

81 2471 83 2478 ,
147 2419 181 2478 57
192 2415 364 2490 resinaeque
385 2420 521 2490 prosunt,
546 2412 683 2473 videlicet
704 2411 818 2475 adiecto
837 2412 906 2471 salia
928 2411 1014 2471 callo.
1044 2413 1186 2489 Aperitur

189 2493 273 2573 picea
290 2512 306 2554 e
322 2503 405 2572 parte
420 2494 525 2568 solari,
550 2512 607 2554 non
628 2495 716 2573 plaga
739 2496 790 2554 sed
811 2496 933 2556 volnera
950 2492 1036 2555 ablati
1052 2497 1183 2571 corticis,

190 2596 253 2638 cum
265 2576 424 2656 plurumum
436 2576 562 2676 bipedali
574 2579 661 2654 hiatu,
677 2587 708 2638 ut
723 2596 739 2638 a
754 2587 833 2639 terra
845 2577 942 2638 cubito
955 2595 1018 2642 cum
1029 2580 1185 2640 minumum

189 2661 273 2721 absit.
305 2678 361 2720 nec
372 2661 490 2741 corpori
502 2662 557 2740 ipsi
571 2663 698 2740 parcitur
711 2663 767 2721 ut
758 2680 786 2721 ru
801 2663 918 2737 ceteris,
937 2662 1070 2740 quoniam
1084 2661 1183 2724 assula

188 2746 217 2804 ιιι
231 2744 323 2818 fructu
341 2754 396 2806 est.
425 2762 526 2806 verum
546 2744 619 2806 haec
634 2762 771 2846 proxuma
787 2745 926 2820 laudatur,
947 2745 1032 2805 altior
1048 2748 1182 2806 amaritu·
1170 2765 1219 2806 -sc

188 2829 282 2890 dinem
307 2815 410 2889 adfert
439 2837 543 2907 postea
565 2845 646 2888 umor
672 2831 763 2888 omnis
789 2847 805 2888 e
828 2837 889 2889 tota
910 2828 1051 2888 couiluit
1043 2845 1070 2887 m
1083 2829 1181 2905 ulcus,

147 2914 255 2978 58itcm
267 2914 295 2972 in
309 2912 403 2972 taeda.
431 2927 494 2972 cum
508 2910 537 2971 id
548 2929 664 2972 manare
677 2913 777 2988 desiit,
792 2912 875 2972 simili
886 2911 972 2972 modo
984 2930 1021 2972 ex
1031 2912 1085 2972 alia
1095 2922 1182 2989 parte

179 2998 314 3076 aperitur
333 3013 368 3054 ac
383 2995 487 3057 deinde
502 2994 566 3054 alia.
596 3005 699 3074 postea
721 3004 781 3055 tota
795 2995 882 3056 arbor
896 2994 1051 3055 succiditur
1070 3005 1099 3056 et
1118 3013 1180 3056 me·

188 3081 265 3142 dulla
286 3079 347 3139 eius
364 3079 463 3138 uritur.
497 3079 541 3138 sic
562 3087 590 3138 et
611 3080 639 3138 in
656 3079 739 3153 Syria
754 3079 918 3139 terebintho
941 3077 1092 3138 detrahunt
1112 3097 1179 3139 cor·

187 3163 272 3239 tices,
285 3161 330 3222 ibi
346 3161 460 3240 quidem
472 3170 502 3221 et
515 3179 532 3221 e
550 3163 635 3222 ramis
653 3179 687 3222 ac
703 3162 856 3238 radicibus,
872 3178 935 3222 cum
950 3163 1045 3221 resina
1060 3162 1179 3223 damne-
1191 3180 1220 3221 as

110 3259 113 3266 ¹
187 3254 233 3305 tur
255 3264 293 3306 ex
311 3245 355 3306 his
372 3244 510 3322 partibus.
537 3244 569 3305 ln
584 3244 754 3307 Macedonia
771 3245 889 3306 laricem
906 3245 1060 3305 masculam
1082 3255 1178 3322 urunt,

145 3336 180 3392 59
191 3329 314 3389 feminae
332 3328 445 3389 radices
460 3337 576 3389 tantum.
606 3329 810 3408 Theopompus
828 3328 943 3405 scripsit
963 3328 991 3386 in
1007 3329 1178 3405 Apollonia·

187 3422 277 3474 tarum
292 3426 362 3490 agro
378 3413 473 3492 picem
487 3413 617 3476 fossilem
631 3429 688 3473 nou
704 3414 878 3475 deteriorem
895 3410 1081 3495 Macedonica
1095 3413 1177 3472 inve.-
