2534 3866
194 205 236 274 90
531 215 840 269 commoneantur.

196 379 280 458 parte
302 375 380 436 orbis
405 375 489 435 etiam
511 372 623 452 pluvias
646 374 768 433 autumni
789 389 880 453 *aquas
903 371 1014 430 erivare
1037 372 1180 434 convenit.

79 527 80 532 ,
158 480 163 493 ’
199 463 277 522 circa
297 460 375 520 cauis
394 460 486 519 ortum
503 459 584 534 rigua
600 473 730 518 maxume
747 465 867 535 prosunt
885 473 921 516 ac
941 472 977 514 ne
994 463 1051 516 tum
1069 455 1183 533 quidem

196 547 299 618 nimia,
319 543 451 622 quoniam
463 539 611 600 inebriatis
626 537 770 601 radicibus
788 549 904 618 nocent.
937 547 968 598 et
979 537 1183 600 aetasmodnm

196 636 354 706 temperat,
371 625 506 686 novellae
520 625 593 683 eninr
603 623 810 684 minussitiuot.
844 621 1009 683 desiderant
1019 631 1114 683 autern
1126 640 1182 684 ma·
1255 623 1256 626 ’

197 729 282 772 nume
302 711 389 788 rigari
410 727 483 787 quac
501 707 679 782 adsuevere,
703 716 802 767 contra
819 703 907 766 siccis
924 705 998 765 locis
1015 707 1112 783 genita
1125 723 1206 766 nonu

159 819 171 836 .
197 803 336 875 expetunt
345 809 474 853 umorem
485 791 539 849 nisi
549 790 754 852 neceesarium.

153 892 208 946 aso
266 879 350 958 (41.)
371 872 813 954 Asperioravinarigariutique
826 871 981 950 cupiuntin
993 870 1182 934 Sulmonense

198 961 304 1024 ltaliae
314 977 402 1038 agro,
425 974 501 1037 pago
517 955 659 1032 Fabiano,
675 955 723 1016 ubi
746 965 775 1016 et
793 973 861 1016 arra
880 955 982 1032 rigant.
1015 957 1183 1034 mirumque,
1256 954 1257 990 l

197 1045 306 1108 herbae
319 1061 392 1121 aqua
407 1041 457 1100 illa
479 1047 632 1115 necantur,
648 1023 748 1117 fdnges
764 1038 875 1102 aluntur
893 1047 922 1098 et
938 1040 1036 1116 riguus
1054 1056 1107 1118 pro
1124 1057 1184 1100 sar·

153 1183 155 1190 .
199 1130 265 1191 culo
277 1135 331 1188 cst.
364 1123 508 1185 irreodem
520 1139 591 1200 agro
606 1122 714 1200 bruma,
726 1132 805 1182 tanto
816 1121 908 1200 magis
920 1122 945 1181 si
958 1124 1040 1183 nives
1055 1132 1186 1190 scateant
1195 1141 1221 1184 ro

198 1212 328 1290 geletve,
347 1227 383 1268 ne
398 1207 491 1286 frigus
501 1208 568 1267 ritis
579 1207 688 1282 adurat,
703 1205 930 1268 circumfundunt
939 1206 1040 1284 riguis,
1056 1207 1186 1285 quodibi

198 1295 329 1373 tepidare
339 1300 455 1366 vocant,
467 1289 755 1352 memorabilinatura
772 1291 802 1350 in
818 1307 900 1350 amne
916 1289 998 1368 solis,
1016 1289 1118 1351 eodem
1136 1307 1184 1351 ae·

199 1386 275 1438 state
285 1377 334 1436 vix
345 1374 488 1435 tolerandi
498 1374 612 1451 rigoris.

156 1472 208 1526 251
268 1459 325 1522 27.
352 1458 435 1537 (42.)
458 1456 630 1518 carbunculi
646 1475 682 1518 ac
698 1456 858 1535 robiginum
869 1453 996 1517 remedia
1007 1457 1184 1518 demonstra·
1257 1451 1258 1458 '

159 1542 236 1620 Ἥ·
243 1543 335 1604 bimus
345 1541 490 1604 volumine
503 1557 653 1620 proxumo.
674 1542 785 1601 interim
802 1549 848 1600 est
858 1540 1032 1619 scariphatio
1045 1541 1184 1618 quaedam
1194 1557 1220 1598 rc

156 1657 158 1661 ·
203 1632 231 1688 in
244 1626 390 1704 remediis,
400 1643 462 1686 cum
473 1626 566 1685 macie
577 1625 694 1684 corticis
710 1642 749 1684 ex
759 1623 936 1702 aegritudine
943 1624 1138 1701 adstringente
1150 1643 1183 1684 se

149 1773 152 1780 ,
200 1715 333 1790 iustoque
359 1711 426 1789 plus
449 1708 546 1769 vitalia
560 1707 704 1792 'arborum
730 1710 925 1787 conprimente
948 1717 1077 1769 exactam
1101 1708 1184 1768 iaicis

201 1796 292 1857 aciem
302 1803 424 1872 utraque
434 1810 517 1853 mauu
529 1792 879 1870 inprimentes·perpetuis
894 1791 1025 1851 incisuris
1041 1791 1184 1852 deducunt

201 1897 237 1940 ao
248 1878 337 1939 veluti
351 1886 444 1937 cutem
456 1875 561 1936 laxant.
585 1875 709 1936 salutare
720 1875 748 1935 id
759 1876 849 1936 fuisse
861 1882 1027 1951 argumento
1039 1884 1103 1936 sunt
1114 1875 1182 1936 dila-

201 1971 277 2022 tatae
294 1961 444 2020 cicatrices
461 1968 490 2018 at
501 1960 642 2018 internato
656 1975 780 2038 corpore
794 1958 938 2036 expletae.
1191 1979 1220 2021 ec

157 2055 211 2109 252
277 2043 359 2122 (43.)
390 2041 549 2120 blagnaque
565 2059 603 2102 ex
619 2051 701 2120 parte
718 2043 818 2103 similis
837 2041 981 2102 bominum
999 2041 1137 2102 medicina
1155 2050 1183 2102 et

144 2169 151 2180 ,
202 2127 335 2187 arborum
350 2135 410 2201 est,
429 2125 542 2205 quando
554 2143 650 2186 aarum
661 2142 777 2204 qnoque
788 2123 969 2185 terebrantur
980 2142 1056 2185 ossa.
1086 2142 1182 2201 amyg

203 2211 286 2272 dulae
297 2229 335 2271 ex
346 2213 448 2270 amaris
460 2209 560 2270 dulces
578 2209 662 2285 liunt,
681 2210 705 2269 si
718 2209 906 2268 circumfosso
924 2207 1020 2286 stipite
1038 2216 1068 2268 et
1083 2207 1119 2268 ab
1129 2210 1184 2266 ima

201 2303 283 2374 parta
307 2293 507 2354 circumforato
528 2292 657 2354 dednens
682 2293 780 2371 pituita
800 2291 1008 2368 abstergeatur.
1050 2300 1080 2352 et
1101 2291 1184 2350 ulmis

202 2376 359 2439 detrahitur
370 2374 581 2454 ancus'inutilis,
593 2391 679 2453 supra
691 2384 795 2435 terram
806 2376 906 2435 foratis
918 2393 1009 2452 usqne
1028 2374 1063 2434 ad
1074 2374 1182 2434 medul·
1192 2391 1220 2432 aa

201 2460 295 2521 lamia
307 2469 441 2532 senecta,
461 2467 509 2517 aut
521 2474 584 2518 curn
601 2458 733 2519 alimento
752 2459 836 2518 nimio
854 2457 997 2518 abundare
1014 2459 1182 2518 sentiuntur.

158 2552 212 2606 aea
223 2541 298 2601 idem
309 2551 338 2602 ct
353 2543 471 2602 ficorum
489 2540 601 2618 turgido
615 2542 723 2601 cortice
741 2541 876 2622 incisuris¹
890 2542 918 2600 in
931 2533 1055 2601 oblicum
1070 2541 1184 2601 levibns

203 2626 346 2687 emittitur.
371 2625 410 2684 ita
426 2623 457 2684 lit
472 2641 509 2684 ne
524 2623 655 2684 decidant
672 2623 790 2684 fructus.
827 2624 975 2703 pomiferis
989 2641 1063 2703 quae
1078 2625 1184 2702 germi-

201 2717 268 2770 nant
279 2727 334 2768 nec
351 2708 445 2768 ferunt
461 2706 583 2768 fructum
598 2707 665 2767 lissa
675 2707 772 2768 radice
788 2708 891 2768 inditur
903 2706 992 2786 lapis,
1011 2708 1185 2786 fertilesque

202 2793 279 2852 liunt.
302 2792 358 2852 boc
370 2791 444 2852 idem
455 2791 483 2850 in
495 2790 651 2868 amygdalis
667 2790 805 2852 erobore
823 2807 915 2850 cuneo
930 2791 1050 2865 adacto,
1066 2792 1094 2851 in
1114 2791 1222 2869 pitisso

158 2887 212 2942 254
223 2874 414 2954 sorbisquee
432 2873 516 2936 taeda
533 2892 567 2935 ac
585 2874 682 2935 cinere
698 2883 727 2934 et
743 2883 818 2933 terra
840 2883 990 2952 cooperto.
1025 2873 1118 2934 Etiam
1138 2890 1185 2934 ra·

203 2959 283 3021 dices
301 2957 513 3019 circumcidisse
535 2957 655 3036 prodest
671 2959 767 3018 vitium
789 2956 986 3018 luxuriantium
1005 2957 1186 3036 ficorumque

203 3051 232 3103 et
243 3042 419 3103 circumcisis
434 3041 560 3100 cinerem
571 3039 724 3101 addidisse.
752 3037 812 3099 llici
829 3041 974 3100 serotinae
986 3040 1072 3116 liunt,
1091 3041 1116 3100 si
1127 3043 1186 3120 pri·

202 3143 266 3186 mae
277 3126 390 3204 grossi,
414 3140 478 3182 cnm
498 3122 583 3184 fabae
596 3123 815 3202 magnitudinem
836 3139 1010 3199 excessere,
1033 3123 1185 3184 detrahan-

201 3219 257 3269 tur.
289 3208 495 3269 subnascuntur
523 3207 597 3266 enim
622 3225 695 3285 quae
718 3208 810 3267 serius
828 3215 1029 3267 maturescunt.
1063 3208 1224 3268 eaedemao

203 3309 267 3351 cum
278 3290 412 3352 frondere
426 3290 577 3368 incipiunt,
595 3291 620 3350 si
632 3291 776 3351 cacumina
793 3291 862 3350 rami
880 3289 1018 3369 cuiusque
1032 3290 1187 3352 detrahan-

201 3382 258 3450 tnr,
271 3374 409 3434 firmiores
421 3372 635 3453 fertilioresque
646 3373 723 3450 liunt,
737 3389 799 3434 nam
812 3373 987 3451 caprificatio
999 3382 1129 3435 maturat.
1172 3421 1177 3430 .

159 3467 211 3522 25⁵
275 3458 356 3536 (44.)
378 3456 409 3517 ln
422 3474 457 3518 ea
472 3457 580 3518 culices
593 3458 672 3518 nasci
684 3474 700 3517 e
714 3456 825 3536 grossis
836 3456 1023 3533 manifestum,
1037 3459 1186 3535 qnoniam,
