2534 3866
1052 29 1072 58 ἱ

338 205 797 299 nsu.1s1su.xvn.4-5‚'(3.)
966 265 968 268 -
1035 223 1073 287 52

83 387 268 462 Syracusano
284 401 355 461 agro
369 385 478 446 advena
494 385 588 444 cultor
602 385 746 462 elapidato
761 385 825 444 solo
842 387 964 464 perdidit
975 389 1075 465 fruges
1107 441 1108 448 ,

84 471 155 544 luto,
168 463 263 528 donec
274 471 401 544 regessit
413 468 534 546 lapides.
563 471 590 526 in
602 469 685 542 Syria
697 468 791 528 levem
804 471 881 528 tenui
896 471 976 530 sulco
988 473 1073 550 inpri-

83 561 160 612 munt
175 567 340 627 vomerem,
364 553 428 628 quia
444 551 544 610 subest
566 567 664 624 saxum
687 567 811 611 exurens
832 561 942 612 aestate
958 557 1073 616 semina.

83 638 143 697 lam-
156 637 183 692 in
200 635 369 712 quibusdam
391 635 465 694 locis
489 636 586 694 similis
609 643 706 694 aestus
725 635 859 696 inmodici
883 645 911 694 et
933 637 1071 712 frigorum
1082 649 1115 703 31

65 722 216 780 reliectus.
249 727 294 777 est
315 718 417 777 fertilis
433 717 555 777 Thracia
571 718 684 794 frugum
707 720 817 794 rigore,
833 718 960 779 aestibus
977 719 1075 782 Africa

83 815 111 864 et
124 804 288 879 Aegyptos.
313 804 341 860 in
354 800 471 861 chaleta
483 801 659 861 Rhodiorum
670 801 762 860 insula
774 802 855 862 locus
868 803 980 879 quidam
993 812 1038 862 est
1048 806 1076 864 iu
1093 845 1094 854 η
1137 855 1140 864 ,

82 896 188 948 tautum
212 885 351 944 ieeundns
375 894 404 944 ut
424 903 477 944 suo
502 894 639 963 tempore.
660 893 751 946 satum
771 885 916 944 demetant
936 886 1075 947 hordeum

82 971 283 1046 sublatumque
294 970 423 1046 protinus
436 978 534 1028 serant
546 978 575 1027 et
587 986 649 1027 cum
662 968 724 1027 aliis
736 968 866 1045 frugibus
877 978 992 1028 metant.
1012 970 1075 1046 gla-

82 1071 200 1114 reosum
216 1052 290 1110 oleis
306 1052 397 1112 solum
407 1053 582 1129 aptissimum
592 1053 619 1109 in
630 1049 806 1125 Venafrano,
818 1054 1035 1129 pinguissimum
1048 1055 1076 1112 in

56 1138 210 1197 nBaetica.
238 1135 343 1194 Pucina
362 1136 429 1194 vina
450 1136 478 1193 in
500 1152 571 1195 saxo
597 1143 752 1209 cocuntur,
779 1133 932 1194 Caecubae
953 1138 1028 1196 vites
1047 1140 1076 1196 in

83 1221 239 1298 Pomptinis
255 1218 407 1297 paludibus
423 1218 548 1278 madent.
579 1227 655 1277 tanta
671 1226 715 1276 est
727 1228 957 1294 argumentorum
968 1238 1002 1279 ac
1018 1222 1075 1280 soli

82 1306 207 1366 varietas
223 1321 258 1362 ac
279 1301 449 1362 differentia.
483 1299 593 1361 Caesar
606 1301 769 1379 Vopiscus,
788 1319 851 1363 cum
867 1319 980 1362 causam
995 1304 1071 1382 apud
1081 1314 1115 1368 32

55 1392 62 1406 “
84 1405 225 1448 censores
239 1394 357 1464 ageret,
380 1403 497 1464 campos
510 1385 617 1445 Rosiae
633 1384 702 1445 dixit
717 1385 819 1445 Italiae
835 1403 934 1445 sumen
951 1405 1028 1462 esse,
1046 1390 1074 1446 in
1167 1397 1179 1462 ξ
1226 1448 1242 1469 ,Δ

84 1472 187 1550 quibus
206 1471 330 1548 perticas
347 1470 441 1547 pridie
456 1469 573 1528 relictas
588 1465 706 1546 granden
724 1471 863 1546 operiret,
880 1469 932 1530 sed
948 1473 1075 1530 nonnisi
1186 1481 1212 1509 „-

56 1557 117 1616 raud
134 1553 272 1633 pabulum
289 1553 454 1630 probantur.
484 1569 541 1612 non
555 1562 649 1612 tamen
664 1552 798 1610 indocilis
812 1562 910 1612 neura
930 1571 989 1612 ‘nos
1005 1573 1074 1616 csse

10 1697 11 1702 ,
82 1639 183 1713 voluit,
197 1646 226 1696 et
238 1639 305 1696 uitia
318 1637 452 1696 confessa
464 1636 534 1695 iecit
546 1637 630 1695 etiam
644 1634 692 1695 obi
705 1633 781 1693 bona
792 1644 870 1693 certa
882 1653 940 1694 non
950 1637 1071 1698 iecerat.

10 1715 11 1718 ¹
83 1721 399 1801 quamobremprimum
417 1721 533 1779 crimina
549 1720 679 1780 dicimus.
990 1795 993 1800 ‚

10 1799 12 1802 ’
143 1807 172 1866 5.
193 1804 310 1863 Terram
322 1819 446 1862 amaram
457 1802 643 1880 probaverint
660 1802 890 1861 demonstrantes
906 1807 978 1861 eata
991 1811 1113 1867 anasse
1169 1821 1172 1829 ⁴

10 1887 12 1944 l
83 1890 295 1966 degenerisqoe
310 1885 436 1960 herbae,
457 1885 589 1962 frigidam
612 1894 705 1945 autem
729 1884 871 1944 retorride
895 1894 976 1959 nata,
1004 1885 1073 1944 item
1153 1911 1155 1920 r

51 1974 254 2050 caliginosam
269 1970 370 2044 tristia,
383 1967 526 2028 rubricam
541 1969 633 2028 oculis
649 1968 848 2044 argillamque,
864 1969 947 2046 operi
960 1967 1071 2030 dilficil·
1094 2031 1096 2038 ,

10 2023 12 2104 l
83 2057 164 2116 limas
187 2071 320 2133 quaeque
343 2057 452 2122 rastros
474 2060 521 2110 aut
540 2069 674 2110 vomeres
694 2050 855 2127 ingentibus
876 2052 989 2126 glaebis
1004 2070 1072 2114 oue·

82 2149 157 2215 rent,
174 2153 344 2217 quamquam
372 2151 429 2193 non
453 2133 531 2212 quod
551 2136 634 2212 operi
655 2135 712 2194 hoc
737 2143 765 2192 et
785 2133 888 2192 fructui
910 2135 1070 2199 adversum.

83 2227 151 2283 item
166 2241 183 2282 e
199 2221 345 2280 contrario
363 2220 541 2278 cineraceam
556 2227 585 2276 et
600 2217 729 2277 sabulum
751 2215 854 2275 album.
886 2234 949 2275 nam
964 2219 1071 2278 sterilis

83 2307 173 2366 densa
188 2304 264 2368 callo
279 2302 366 2362 iacile
382 2301 606 2379 deprehenditur
620 2301 668 2360 vel
683 2317 739 2360 uno
759 2300 817 2358 ictu
833 2299 968 2376 cuspidis.
998 2297 1112 2364 (lutoso

52 2377 214 2450 nbrevlter
231 2396 318 2464 atque
336 2403 373 2445 ex
388 2402 440 2444 suo
461 2402 542 2444 more
559 2386 626 2444 vitia
644 2384 828 2444 determinat:
853 2380 997 2453 Terram
1018 2399 1070 2441 ca·
1158 2419 1161 2438 ι

84 2477 220 2534 riosam
246 2486 351 2544 cave,
376 2486 468 2527 neve
488 2468 656 2547 plaustro
681 2484 771 2527 neve
791 2482 928 2543 pecore
951 2465 1070 2544 inpel-

84 2557 147 2617 las.
176 2555 244 2634 quid
256 2562 385 2632 putamus
399 2551 454 2611 hac
472 2551 666 2629 appellatione
680 2551 715 2610 ab
728 2567 764 2611 eo
779 2558 930 2626 tantopere
941 2550 1070 2609 reiormi·
1115 2579 1117 2587 ·

10 2635 11 2646 ¹
85 2642 147 2701 dari
158 2649 190 2698 ut
205 2654 297 2716 paene
312 2637 443 2711 vestigiis
462 2651 576 2712 qnoque
590 2631 760 2702 interdicat?
777 2634 939 2708 redigamus
954 2632 989 2692 ad
1002 2633 1072 2709 ligni

85 2725 215 2797 cariem,
240 2729 268 2779 ct
284 2721 459 2779 inveniemus
475 2717 524 2776 illa
544 2735 617 2794 quae
638 2718 666 2776 in
682 2725 790 2775 tantum
806 2714 984 2775 abominatur
1003 2717 1070 2776 vitia

49 2825 74 2866 ao
86 2807 197 2881 aridae,
209 2803 368 2876 fistulosae,
379 2801 512 2874 scabrae,
524 2801 661 2876 canentis,
673 2815 792 2873 exesae,
805 2798 980 2875 pumicosae.
1002 2799 1067 2877 plus
1078 2807 1112 2860 35

85 2891 158 2950 dixit
170 2906 226 2948 nna
241 2885 449 2964 significatione
466 2899 549 2960 quam
560 2884 652 2959 possit
666 2880 725 2941 ulla
736 2881 820 2957 copia
835 2881 975 2940 sermonis
990 2897 1070 2940 enar·

83 2976 153 3034 rari.
173 2980 219 3032 est
230 2971 303 3030 enim
315 2968 551 3045 intrepretatioue
562 2964 693 3024 vitiorum
705 2963 954 3042 quaedam-non
965 2969 1069 3036 aetate,

10 3119 11 3130 ,
85 3073 162 3137 quae
177 3053 254 3114 nulla
269 3056 297 3113 iu
308 3069 342 3112 ea
354 3051 482 3126 intellegi
494 3056 600 3128 potest,
616 3048 668 3107 scd
679 3056 777 3107 namra
789 3063 839 3106 sua
851 3075 892 3091 —a
902 3062 971 3106 auus
983 3053 1069 3120 terra,

86 3151 114 3200 et
134 3139 211 3199 ideo'
225 3134 377 3196 infecunda
400 3133 436 3192 ad
460 3133 552 3192 omnia
575 3139 658 3206 atque
680 3127 824 3190 inbecilla.
868 3124 946 3186 Idem
970 3138 1112 3202 amamus

10 3245 11 3280 1
48 3233 233 3302 aeoptumum
253 3219 358 3279 iudicat
379 3216 416 3278 ad
436 3216 560 3275 radicem
585 3215 718 3274 montium
738 3211 854 3291 planitie
875 3211 903 3269 iu
925 3209 1071 3270 meridiem

10 3305 11 3380 l
86 3312 279 3377 excurrente,
292 3303 339 3378 qni
355 3309 399 3375 est
412 3300 498 3359 totius
512 3296 611 3357 ltaliae
627 3296 713 3372 situs,
739 3305 844 3356 terram
857 3309 928 3352 vero
943 3301 1071 3356 teneram

10 3389 12 3466 l
86 3408 163 3469 quae
177 3395 299 3448 vocetur
312 3383 398 3461 pulla.
428 3382 482 3441 erit
493 3381 578 3456 igitur
592 3380 665 3440 haec
676 3388 791 3458 optuma
808 3384 837 3436 et
852 3377 935 3454 operi
953 3387 982 3437 et
997 3385 1068 3436 sato.
1152 3433 1155 3450 ,
1170 3381 1174 3398 “

10 3533 11 3544 ,
84 3473 266 3548 intellegere
289 3466 375 3526 modo
389 3463 476 3526 libeat
498 3463 600 3524 dictam
618 3464 688 3524 mira
704 3459 914 3602 εἰςιιὶίίοαῑῑοέξ
933 3470 1070 3537 tanmem,
1113 3507 1118 3519 ,

10 3679 12 3754 t
