2534 3866
358 229 438 278 uun.
455 228 545 278 mar.
562 228 660 276 xvuu.
676 226 762 280 4-6.
779 217 896 296 (6-7.)
1007 177 1010 182 A
1062 218 1102 279 99

105 384 302 448 adulescentia
333 385 542 444 conserendum
569 383 635 440 sine
665 383 863 459 cunctatione,
895 385 1103 446 aedificandum

104 487 160 530 non
179 469 367 550 nisicopsito
389 484 477 544 agro,
506 475 573 525 tunc
593 482 709 544 quoque
732 476 915 541 cunctanter,
944 478 1101 546 optumum-

104 571 160 632 que
180 561 236 629 est,
262 561 292 611 ut
312 551 403 628 volgo
420 551 532 627 dixere,
553 549 646 609 aliena
664 551 774 611 insania
788 551 854 627 lrui,
883 551 936 611 sed
951 549 990 612 ita
1005 563 1036 612 ut
1049 555 1101 615 ril-

103 639 193 698 larum
209 635 300 695 tutela
315 652 371 695 non
388 635 424 695 sit
440 637 531 694 oncri.
563 651 627 693 eum
644 643 739 693 tamen
760 637 808 714 qui
822 635 899 695 bene
913 635 1023 695 habitet
1038 655 1101 698 sae-

81 723 167 800 epius
184 721 327 779 ventitare
348 721 375 778 in
390 737 507 796 agrum,
537 718 719 797 frontemque
745 719 850 792 domiui
874 720 940 798 plus
959 720 1102 798 prodesse

102 822 185 882 quam
205 804 369 881 occipitium
385 819 443 862 non
456 803 637 862 mentiuntur.
822 815 827 822 ’

165 889 194 948 6.
217 888 279 966 (7.)
304 887 345 966 [l]
362 886 465 948 llodus
479 888 530 948 bic
549 885 691 964 probatur
709 896 740 946 nt
761 904 856 966 neque
878 888 983 949 iundns
1002 889 1145 953 villanita

102 981 222 1051 quaeret
236 988 330 1049 neque
350 971 419 1030 villa
437 971 571 1045 lundam,
591 987 665 1044 uon,
690 979 719 1030 ut
733 971 866 1031 lecerunt
885 973 963 1032 iuxta
978 973 1102 1033 diversis
1129 1021 1132 1030 i

103 1055 204 1116 ecdem
226 1063 320 1116 aetate
341 1054 484 1133 exemplis
506 1053 537 1113 L.
560 1052 698 1114 Lucullus
725 1064 756 1114 et
781 1054 817 1128 Q.
838 1055 1002 1133 Scaevola,
1039 1075 1102 1117 cnm

71 1140 171 1202 touilla
189 1139 353 1200 Scaevolae
369 1139 483 1199 fructus
507 1155 565 1197 non
593 1147 733 1217 caperet,
751 1138 859 1198 uillam
883 1139 994 1200 Luculli
1020 1159 1101 1218 ager,

103 1242 160 1303 quo
184 1225 213 1283 in
239 1237 350 1300 genere
375 1225 510 1284 censoria
535 1223 686 1298 castigatio
712 1232 776 1282 crat
796 1225 888 1282 minna
909 1242 993 1284 arare
1019 1242 1103 1303 quam

9 1359 10 1374 1
101 1325 232 1368 verrere.
264 1325 322 1368 nee
339 1307 397 1367 boc
414 1308 478 1368 sine
499 1316 560 1390 arte
582 1307 704 1385 quadam
719 1316 772 1368 est.
814 1309 986 1368 novissimus
1004 1309 1102 1369 villam

102 1395 130 1452 in
149 1391 305 1452 Misenensi
331 1393 427 1470 posuit
450 1390 482 1451 G.
500 1391 606 1451 blasius
626 1393 756 1470 septiens
780 1392 898 1467 consul,
924 1394 976 1453 sed
997 1394 1102 1472 peritia

103 1476 352 1552 castrametandi,
373 1478 416 1536 sic
433 1485 464 1537 ut
479 1483 652 1553 conparatos
670 1477 697 1535 ei
712 1484 829 1536 ceteros
850 1479 934 1538 maun
949 1477 1030 1538 Sulla
1046 1475 1101 1536 Fe·

70 1561 143 1622 mlix
158 1575 266 1620 caecos
283 1559 373 1620 luisse
397 1560 518 1620 diceret.
564 1560 758 1638 {alconvenit
774 1577 869 1638 neque
885 1563 961 1620 iuxta
985 1560 1143 1638 paludisst
1190 1619 1194 1638 ,

102 1645 264 1723 ponendam
287 1662 360 1704 esse.
376 1659 472 1722 neque
488 1645 612 1704 adverso
638 1659 738 1718 amne,
767 1660 937 1721 quamquam
958 1643 1101 1704 Homerus

102 1728 215 1788 omnino
237 1746 254 1787 e
279 1727 393 1786 llumine
420 1743 538 1805 semper
558 1725 745 1788 antelucanas
768 1743 854 1785 auras
876 1726 1028 1786 insalubris
1051 1746 1100 1786 ve·

101 1813 214 1872 rissime
243 1809 369 1870 tradidit.
408 1819 545 1888 spectare
564 1812 592 1869 in
616 1811 761 1870 aestuosis
788 1809 862 1869 locis
886 1812 1100 1889 septentriones

102 1896 205 1972 debet,
227 1893 375 1956 meridiem
392 1895 420 1952 iu
435 1893 556 1974 frigidis,
573 1897 742 1972 temperatis
758 1903 889 1954 exortum
905 1895 1100 1973 aequinoctia·

69 1981 169 2040 alem.
212 1978 286 2054 Agri
308 1979 399 2055 ipsius
418 1977 532 2037 bonitas
548 1979 650 2056 quibus
677 1981 851 2056 argumentis
878 1980 1029 2040 indicanda
1051 1981 1144 2054 subii

10 2077 11 2094 ¹
103 2077 274 2143 quamquam
302 2061 340 2121 de
368 2069 465 2122 terrae
493 2079 604 2139 genere
634 2072 750 2140 optumo
782 2063 961 2123 disserentes
988 2063 1100 2125 abunde

103 2149 212 2208 dixisse
226 2145 491 2224 possumusvideri,
499 2147 650 2205 etiamnum
664 2155 758 2208 tamen
773 2146 891 2206 traditas
905 2157 989 2206 notas
1005 2147 1142 2234 ⁸¹¹bm¹lta

103 2231 278 2309 signabimus
294 2227 412 2288 Catonis
425 2247 557 2304 maxume
572 2228 684 2310 verbis:
712 2229 854 2288 ebulum
878 2230 940 2288 vel
967 2247 1100 2308 prunus

103 2315 300 2376 silvestris
321 2313 383 2372 vel
405 2313 528 2391 rubus,
554 2313 687 2372 bulbus
704 2315 877 2388 minutus,
902 2312 1098 2389 trifolium,

69 2397 218 2460 asberba
246 2399 449 2478 pratensis,
468 2415 655 2476 *quercum
681 2397 874 2458 silvestris
905 2397 1007 2473 pirus
1031 2411 1099 2454 ma·

104 2485 237 2561 lusque
257 2482 497 2542 frumentarii
527 2482 601 2546 soli
632 2491 760 2557 notae,
790 2483 879 2540 item
905 2483 1099 2558 nigrater-

104 2587 141 2627 ra
172 2576 208 2628 et
237 2566 379 2625 cinerei
411 2565 562 2625 coloris.
594 2567 709 2626 omnis
731 2570 832 2625 oreta
854 2575 1006 2642 coquet,
1028 2565 1102 2624 uisi

104 2665 315 2730 permacra,
342 2648 598 2726 sabulumque,
625 2651 696 2710 nisi
717 2650 755 2708 id
784 2649 892 2708 etiam
910 2658 1100 2726 pertenue

105 2744 178 2809 est,
210 2732 373 2793 etmulto
392 2732 668 2809 campestribus
689 2734 919 2809 magisquam
943 2732 1100 2792 clivosis

70 2817 338 2896 eorespondent
361 2815 493 2876 eadem.
532 2815 572 2892 [31
588 2813 704 2875 bladum
722 2817 784 2890 agri
803 2816 832 2873 in
860 2817 959 2892 primis
980 2823 1142 2878 servan-tt

105 2904 171 2963 dum
198 2900 305 2977 antiqui
329 2908 487 2977 putavere,
519 2898 626 2976 quippe
649 2900 688 2958 ita
713 2897 886 2973 censebant,
918 2898 1007 2958 satius
1033 2913 1100 2958 esse
1156 2928 1166 2951 a

107 2988 199 3046 minus
215 3000 316 3046 serere
330 2991 362 3042 et
375 2983 477 3044 melius
493 2997 592 3056 arare,
622 2997 677 3060 qna
693 2983 721 3040 in
739 2983 879 3042 sententia
898 2990 926 3041 et
941 2981 1100 3056 Vergilium

14 3119 15 3134 t
106 3071 198 3130 luisse
226 3068 324 3129 video.
362 3083 520 3145 verumque
546 3065 746 3125 confitentibus
774 3063 920 3124 latifundia
946 3065 1102 3142 perdidere

107 3154 235 3227 ltaliam,
257 3155 312 3211 iam
326 3167 397 3209 vero
415 3150 638 3228 sapientiores.»
670 3165 723 3208 sex
740 3148 844 3210 domini
859 3147 1010 3210 semissem
1024 3147 1100 3207 Airi-

71 3255 162 3300 oscae
189 3235 394 3315 possidebant,
425 3251 488 3294 cum
511 3234 657 3294 interiecit
683 3249 736 3294 eos
760 3231 839 3294 Nero
866 3232 1019 3311 princeps,
1046 3249 1103 3292 non

106 3317 267 3382 fraudando
292 3317 485 3395 magnitudine
511 3317 565 3377 hac
592 3334 707 3397 quoque
731 3335 781 3377 sna
810 3314 1021 3394 Cn.'Pompeio
1054 3319 1101 3395 qui

109 3423 260 3485 numquam
273 3410 529 3480 agrum-mercatus
546 3410 592 3462 est
607 3403 819 3464 conterminum.
841 3400 923 3477 Agro
940 3408 1035 3480 empto
1051 3400 1101 3460 do·
1202 3397 1205 3408 '

109 3507 186 3550 mum
203 3485 380 3549 vendendam
405 3486 603 3548 inclementer.
618 3495 703 3570 atque
727 3477 784 3545 no'n
800 3501 837 3544 ex
857 3485 977 3546 utilitate
995 3483 1102 3563 publici

892 3569 939 3630 7*
