2534 3866
143 125 203 217 104
254 109 282 200 J
493 136 523 183 c.
539 136 636 183 Purus
652 135 802 184 saeuum

143 293 215 352 alius
211 291 338 370 incipit,
355 307 411 350 nec
426 297 485 349 tota
501 307 589 367 seges
600 291 675 350 sicut
686 289 819 350 frumeuti
833 275 950 368 pariter.
976 289 1146 367 siliquantur

142 394 214 435 vero
233 375 326 434 omnia
342 373 465 433 diversis
481 374 583 434 diebus
598 383 627 433 et
642 372 702 434 ah
694 391 749 433 rma
763 374 885 451 primum
899 382 992 451 parte,
1010 372 1147 453 paulatim

100 459 215 524 dodone
237 459 388 518 subeunte.
425 457 466 535 [6]
490 457 643 518 Frumenta
665 458 728 518 cum
748 457 930 532 defloruere,
961 465 1147 518 crassescunt

75 559 77 564 ’
143 532 373 620 maturanturque
392 559 456 600 cum
471 541 631 640 plurumum
648 540 751 601 diebus
765 541 969 620 quadraginta,
984 542 1052 600 item
1068 539 1145 617 laha,

142 627 324 706 paucissimis
345 627 438 684 cicer.
468 625 497 684 id
521 627 597 684 euim
619 643 636 684 a
657 627 779 684 sementi
801 624 903 684 diebus
925 638 972 684 xm
987 624 1144 702 perficitur.
1160 637 1174 677 s

141 711 248 771 milium
266 719 296 770 et
313 710 445 787 panicum
464 717 493 772 et
514 711 621 768 sesima
636 717 665 768 et
681 709 774 768 omnia
794 710 904 767 aestiva
915 721 961 767 xm
973 708 1076 768 diebus
1088 725 1147 768 ma·
1260 705 1261 724 ¹

142 802 270 855 turautur
282 811 298 854 a
310 793 394 868 flore,
407 809 510 868 magna
522 802 619 852 terrae
633 791 766 871 caelique
774 791 946 851 differentia
973 809 1002 849 m
1008 790 1171 870 Aegypto

56 881 59 900 '
143 879 217 938 enim
231 877 371 937 hordeum
389 884 472 934 sexto
489 894 505 934 a
520 885 584 936 satu
598 867 708 952 mense,
727 875 866 934 frumenta
881 885 1012 952 septumo
1036 884 1146 936 metun·
1225 919 1228 941 ,

143 972 197 1038 tur,
215 963 244 1020 in
258 958 382 1020 Hellade
398 968 530 1037 septumo
546 959 719 1035 hordeum,
711 977 739 1018 ιιι
750 958 955 1036 Peloponneso
974 967 1095 1035 octavo,
1116 969 1147 1020 et

142 1047 284 1106 frumenta
312 1045 461 1102 etiamnum
487 1044 603 1104 tardius.
637 1041 778 1102 Granum
803 1043 908 1120 stipula
936 1043 1037 1103 crinito
1064 1052 1184 1103 textum

143 1132 299 1208 spicantur
341 1128 371 1184 in
397 1125 464 1186 laha
490 1126 739 1204 leguminibusque
767 1125 886 1186 alteruis
917 1126 1057 1187 lateribus
1087 1127 1146 1186 sili·

143 1221 273 1290 quantur.
312 1206 445 1269 Fortium
462 1219 561 1270 contra
576 1210 687 1270 hiemes
699 1209 851 1286 frumenta,
866 1210 1034 1286 legumina'
1026 1228 1064 1270 ιιι
1069 1210 1146 1270 cibo.

100 1295 185 1374 6117]
222 1293 347 1354 Tunicae
370 1293 512 1355 frumento
533 1293 657 1372 plures.
681 1293 821 1352 hordeum
846 1310 977 1353 maxume
998 1293 1102 1354 nudum
1118 1304 1148 1354 et

143 1380 250 1453 arinca,
268 1377 321 1436 sed
336 1378 495 1457 praecipue
511 1393 611 1438 avena.
645 1377 772 1436 calamus
793 1377 880 1438 altior
899 1377 1042 1438 frumento
1062 1395 1147 1456 quam

142 1461 264 1537 hordeo,
280 1462 367 1522 arista
384 1462 546 1522 mordacior
562 1461 684 1521 hordeo.
711 1464 747 1522 In
762 1479 830 1521 area
844 1470 1011 1522 exteruntur
1022 1463 1145 1522 triticum
1156 1478 1182 1522 rs

143 1555 173 1605 et
189 1545 274 1622 siligo
291 1555 320 1605 et
335 1546 485 1606 hordeum.
517 1545 561 1606 sic
576 1555 606 1605 et
619 1555 752 1606 seruntur
767 1559 838 1624 pura
854 1546 980 1625 qualiter
990 1545 1144 1620 moluntur,

143 1630 209 1706 quia
224 1638 300 1690 tosta
314 1639 452 1690 nonsunt.
470 1630 612 1691 ediverso
621 1629 675 1705 iar,
687 1629 803 1706 milium,
817 1632 949 1708 panicum
961 1630 1079 1708 purgari
1091 1629 1146 1688 nisi
1201 1657 1204 1664 ·

142 1722 217 1773 tosta
226 1731 284 1773 nou
292 1723 423 1792 possunt.
447 1714 544 1791 itaque
554 1713 627 1778 haec
638 1731 701 1772 cum
714 1715 773 1774 suis
785 1714 924 1774 folliculis
937 1722 1069 1774 serantur
1081 1731 1144 1772 cru-

143 1795 188 1856 da.
204 1806 233 1866 et
245 1797 290 1856 iar
305 1799 334 1856 in
348 1796 488 1873 vaginulis
506 1798 566 1855 suis
580 1807 697 1858 servant
711 1799 747 1858 ad
762 1807 840 1860 satus
856 1806 943 1876 atque
954 1814 1012 1857 non
1023 1805 1143 1856 torrent.

81 1887 82 1894 ’
99 1889 133 1943 62
206 1881 261 1956 (11
266 1884 292 1957 .)
315 1877 501 1939 Levissimum
516 1897 554 1938 ex
568 1879 613 1939 his
627 1880 766 1942 hordeum
780 1897 847 1941 raro
864 1881 980 1941 excedit
994 1895 1042 1940 xv
1055 1879 1144 1940 libras
1154 1897 1183 1938 so

143 1973 172 2022 et
186 1962 253 2022 laba
273 1975 360 2025 xxn
392 1960 590 2040 ponderosius
610 1962 654 2022 iar
675 1966 824 2042 magisque
842 1965 993 2025 etiamnum
1010 1965 1142 2024 triticum.

141 2045 223 2104 iar
214 2063 243 2104 ιιι
264 2045 401 2124 Aegypto
423 2064 462 2106 ex
488 2046 571 2122 olyra
593 2048 752 2140 coniicitur
786 2049 900 2108 tertium
925 2067 1018 2126 genus
1044 2048 1144 2126 spicae

141 2129 199 2188 hoc
213 2128 252 2188 ihi
268 2138 322 2188 est.
347 2128 465 2190 Galliae
480 2148 596 2209 quoque
612 2150 692 2191 suum
706 2149 798 2208 genus
812 2130 897 2191 larris
919 2132 1044 2218 dedere,
1067 2133 1145 2209 quod

105 2199 202 2272 illic
216 2213 334 2273 bracem
347 2223 453 2274 vocant
455 2215 554 2292 ,apud
570 2233 638 2276 nos·
633 2214 800 2289 sandalum,
815 2210 975 2276 nitidissimi
990 2216 1082 2292 gram.
1115 2225 1144 2274 et

62 2357 64 2365 ,
141 2296 197 2356 alia
212 2282 397 2375 differentia,
412 2299 489 2377 quod
506 2298 570 2357 iere
587 2299 732 2376 quaternis
754 2296 835 2356 lihris
857 2298 922 2376 plus
945 2300 1046 2360 reddit
1062 2301 1179 2377 panisus

142 2395 226 2458 qoam
241 2381 286 2440 iar
301 2380 386 2440 aliud.
417 2381 553 2458 populum
568 2378 725 2440 Romanum
739 2381 816 2442 farre
835 2391 942 2486 tantum
964 2401 981 2443 e
1001 2382 1144 2444 frumento

141 2477 204 2524 cco
222 2464 302 2522 aunis
319 2481 400 2523 usum
411 2461 530 2522 Verrius
544 2464 639 2523 tradit.

98 2555 133 2610 63
204 2545 287 2625 (12.)
311 2547 352 2625 [1]
377 2544 476 2605 Tritici
491 2563 600 2622 genera
615 2545 709 2624 plura,
725 2564 798 2625 quae
818 2542 919 2608 iecere
940 2559 1054 2627 gentes.
1088 2549 1143 2610 Ita·

140 2629 198 2688 lico
214 2628 321 2688 nullum
339 2629 485 2707 equidem
490 2629 707 2708 conparauerim
723 2631 849 2690 candore
864 2649 899 2691 ac
915 2634 1063 2710 pondere,
1085 2650 1143 2732 quo

139 2709 270 2772 maxume
286 2711 469 2773 discernitur
496 2715 637 2774 montanis
651 2714 737 2774 modo
753 2723 926 2793 conparetur
941 2715 1041 2778 ltaliae
1064 2718 1178 2794 cgristo

141 2803 307 2872 externum,
326 2797 432 2880 inquo
456 2789 645 2876 principatum
666 2799 757 2857 tenuit
780 2797 917 2873 Boeotia,
943 2801 1008 2860 dein
1032 2800 1143 2876 Sicilia,

139 2896 217 2938 mox
214 2879 332 2942 Airica.
363 2882 476 2939 tertium
496 2881 608 2959 pondus
630 2889 691 2940 erat
709 2880 832 2940 'l'hracio
842 2882 972 2959 ,Syrio,
995 2884 1098 2944 deiude
1115 2894 1144 2944 et

139 2963 297 3041 Aegyptio,
315 2961 485 3022 athletarum
503 2981 566 3023 cum
581 2964 717 3038 decreto,
741 2979 861 3040 quorum
877 2969 1044 3044 capacitas
1035 2985 1142 3028 rumen·

139 3047 175 3104 tis
191 3046 290 3108 similis
308 3063 394 3124 quem
407 3044 529 3105 diximus
549 3046 677 3110 ordinem
696 3047 819 3106 iecerat.
855 3047 976 3109 Graecia
997 3059 1027 3109 et
1046 3050 1142 3111 Ponti·

95 3135 203 3190 oscum
218 3130 356 3205 laudavit,
375 3129 452 3207 quod
468 3130 496 3188 in
513 3127 622 3190 ltaliam
637 3147 695 3189 uon
708 3131 849 3206 pervenit.
884 3149 920 3190 ex
944 3134 1019 3192 omni
1040 3134 1179 3194 eademst

139 3227 249 3287 genere
267 3215 349 3290 graui
357 3212 493 3290 praetulit
510 3212 679 3273 dracontion
697 3221 726 3277 et
743 3215 899 3291 strangiam
920 3224 949 3275 et
967 3216 1141 3278 Selinusium

136 3291 308 3371 'argumento
325 3296 497 3356 crassissimi
510 3295 619 3359 calami.
638 3297 733 3373 itaque
748 3298 848 3374 pingui
861 3298 926 3358 solo
941 3299 1016 3360 haec
1030 3317 1141 3376 genera

140 3378 319 3455 adsignuhat.
343 3378 519 3455 leuissimum
535 3388 564 3439 et
575 3393 704 3440 maxume
716 3380 811 3457 inane,
824 3383 973 3461 speudiau,
984 3384 1142 3444 tenuissimi
