<?xml version="1.0" encoding="UTF-8"?>
<!DOCTYPE html PUBLIC "-//W3C//DTD XHTML 1.0 Transitional//EN"
    "http://www.w3.org/TR/xhtml1/DTD/xhtml1-transitional.dtd">
<html xmlns="http://www.w3.org/1999/xhtml" xml:lang="en" lang="en">
 <head>
  <title>
</title>
<meta http-equiv="Content-Type" content="text/html;charset=utf-8" />
  <meta name='ocr-system' content='tesseract 3.04.00' />
  <meta name='ocr-capabilities' content='ocr_page ocr_carea ocr_par ocr_line ocrx_word'/>
</head>
<body>
  <div class='ocr_page' id='page_1' title='image "./cplinisecundina23plingoog_0239.png"; bbox 0 0 2552 3866; ppageno 0'>
   <div class='ocr_carea' id='block_1_1' title="bbox 69 167 1264 268">
    <p class='ocr_par' dir='ltr' id='par_1_1' title="bbox 69 167 1264 282">
     <span class='ocr_line' id='line_1_1' title="bbox 69 167 1264 268; baseline -0.017 -2"><span class='ocrx_word' id='word_1_1' title='bbox 69 259 72 266; x_wconf 92' lang='lat'><strong>.</strong></span> <span class='ocrx_word' id='word_1_2' title='bbox 182 197 241 260; x_wconf 80' lang='lat'><strong>182</strong></span> <span class='ocrx_word' id='word_1_3' title='bbox 507 202 816 252; x_wconf 70' lang='lat' dir='ltr'><strong>commotionum</strong></span> <span class='ocrx_word' id='word_1_4' title='bbox 1262 167 1264 268; x_wconf 76' lang='lat' dir='ltr'><strong>l</strong></span> 
     </span>
    </p>
   </div>
   <div class='ocr_carea' id='block_1_2' title="bbox 85 356 1264 3533">
    <p class='ocr_par' dir='ltr' id='par_1_2' title="bbox 85 356 1264 3533">
     <span class='ocr_line' id='line_1_2' title="bbox 180 356 1172 435; baseline -0.001 -13"><span class='ocrx_word' id='word_1_5' title='bbox 180 364 276 424; x_wconf 92' lang='lat' dir='ltr'><strong>datum</strong></span> <span class='ocrx_word' id='word_1_6' title='bbox 291 379 307 421; x_wconf 86' lang='lat' dir='ltr'><strong>a</strong></span> <span class='ocrx_word' id='word_1_7' title='bbox 325 358 462 420; x_wconf 75' lang='lat' dir='ltr'><strong>Cornelio</strong></span> <span class='ocrx_word' id='word_1_8' title='bbox 482 356 615 435; x_wconf 75' lang='lat' dir='ltr'>Cethego</span> <span class='ocrx_word' id='word_1_9' title='bbox 634 358 663 417; x_wconf 91' lang='lat' dir='ltr'><strong>in</strong></span> <span class='ocrx_word' id='word_1_10' title='bbox 685 358 834 418; x_wconf 76' lang='lat' dir='ltr'><strong>consulatu</strong></span> <span class='ocrx_word' id='word_1_11' title='bbox 855 357 971 435; x_wconf 78' lang='lat' dir='ltr'>collega</span> <span class='ocrx_word' id='word_1_12' title='bbox 993 359 1089 433; x_wconf 82' lang='lat' dir='ltr'><strong>Quinti</strong></span> <span class='ocrx_word' id='word_1_13' title='bbox 1108 358 1172 421; x_wconf 75' lang='lat' dir='ltr'><strong>llla·</strong></span> 
     </span>
     <span class='ocr_line' id='line_1_3' title="bbox 181 441 1173 522; baseline -0.001 -17"><span class='ocrx_word' id='word_1_14' title='bbox 181 447 277 506; x_wconf 90' lang='lat' dir='ltr'><strong>minini</strong></span> <span class='ocrx_word' id='word_1_15' title='bbox 293 445 414 504; x_wconf 90' lang='lat' dir='ltr'><strong>comitiis</strong></span> <span class='ocrx_word' id='word_1_16' title='bbox 426 443 562 521; x_wconf 87' lang='lat' dir='ltr'><strong>peractis.</strong></span> <span class='ocrx_word' id='word_1_17' title='bbox 589 442 711 501; x_wconf 88' lang='lat' dir='ltr'><strong>amicitia</strong></span> <span class='ocrx_word' id='word_1_18' title='bbox 722 443 750 500; x_wconf 89' lang='lat' dir='ltr'><strong>ei</strong></span> <span class='ocrx_word' id='word_1_19' title='bbox 762 459 825 500; x_wconf 89' lang='lat' dir='ltr'><strong>cum</strong></span> <span class='ocrx_word' id='word_1_20' title='bbox 836 441 891 501; x_wconf 87' lang='lat' dir='ltr'><strong>lico</strong></span> <span class='ocrx_word' id='word_1_21' title='bbox 905 452 1021 519; x_wconf 88' lang='lat' dir='ltr'><strong>tautum,</strong></span> <span class='ocrx_word' id='word_1_22' title='bbox 1036 461 1173 522; x_wconf 83' lang='lat' dir='ltr'><strong>nusquam</strong></span> 
     </span>
     <span class='ocr_line' id='line_1_4' title="bbox 138 523 1172 607; baseline -0.003 -17"><span class='ocrx_word' id='word_1_23' title='bbox 138 542 188 597; x_wconf 83' lang='lat'><strong>157</strong></span> <span class='ocrx_word' id='word_1_24' title='bbox 195 530 298 591; x_wconf 89' lang='lat' dir='ltr'><strong>laetior</strong></span> <span class='ocrx_word' id='word_1_25' title='bbox 312 529 446 607; x_wconf 84' lang='lat' dir='ltr'><strong>provenit</strong></span> <span class='ocrx_word' id='word_1_26' title='bbox 457 544 541 605; x_wconf 87' lang='lat' dir='ltr'><strong>quam</strong></span> <span class='ocrx_word' id='word_1_27' title='bbox 552 523 605 584; x_wconf 89' lang='lat' dir='ltr'><strong>suh</strong></span> <span class='ocrx_word' id='word_1_28' title='bbox 620 524 674 584; x_wconf 91' lang='lat' dir='ltr'><strong>hac</strong></span> <span class='ocrx_word' id='word_1_29' title='bbox 686 525 801 588; x_wconf 89' lang='lat' dir='ltr'><strong>arbore.</strong></span> <span class='ocrx_word' id='word_1_30' title='bbox 818 528 923 586; x_wconf 86' lang='lat' dir='ltr'><strong>seritur</strong></span> <span class='ocrx_word' id='word_1_31' title='bbox 935 536 964 586; x_wconf 89' lang='lat' dir='ltr'><strong>et</strong></span> <span class='ocrx_word' id='word_1_32' title='bbox 976 527 1103 603; x_wconf 89' lang='lat' dir='ltr'><strong>surculo,</strong></span> <span class='ocrx_word' id='word_1_33' title='bbox 1115 545 1172 588; x_wconf 88' lang='lat' dir='ltr'><strong>me·</strong></span> 
     </span>
     <span class='ocr_line' id='line_1_5' title="bbox 179 607 1175 691; baseline -0.005 -16"><span class='ocrx_word' id='word_1_34' title='bbox 179 615 235 676; x_wconf 88' lang='lat' dir='ltr'><strong>lius</strong></span> <span class='ocrx_word' id='word_1_35' title='bbox 253 613 282 671; x_wconf 88' lang='lat' dir='ltr'><strong>in</strong></span> <span class='ocrx_word' id='word_1_36' title='bbox 295 611 472 691; x_wconf 78' lang='lat' dir='ltr'><strong>perforatam</strong></span> <span class='ocrx_word' id='word_1_37' title='bbox 485 607 580 669; x_wconf 79' lang='lat' dir='ltr'><strong>fabam</strong></span> <span class='ocrx_word' id='word_1_38' title='bbox 596 607 696 682; x_wconf 89' lang='lat' dir='ltr'><strong>indito,</strong></span> <span class='ocrx_word' id='word_1_39' title='bbox 714 626 787 687; x_wconf 87' lang='lat' dir='ltr'><strong>qnae</strong></span> <span class='ocrx_word' id='word_1_40' title='bbox 805 627 876 669; x_wconf 90' lang='lat' dir='ltr'><strong>suco</strong></span> <span class='ocrx_word' id='word_1_41' title='bbox 892 613 979 670; x_wconf 87' lang='lat' dir='ltr'><strong>nutrit</strong></span> <span class='ocrx_word' id='word_1_42' title='bbox 994 611 1175 690; x_wconf 68' lang='lat' dir='ltr'><strong>conprehen:</strong></span> 
     </span>
     <span class='ocr_line' id='line_1_6' title="bbox 180 693 1196 772; baseline -0.005 -13"><span class='ocrx_word' id='word_1_43' title='bbox 180 696 275 759; x_wconf 91' lang='lat' dir='ltr'><strong>dendo</strong></span> <span class='ocrx_word' id='word_1_44' title='bbox 297 695 450 756; x_wconf 88' lang='lat' dir='ltr'><strong>surculum.</strong></span> <span class='ocrx_word' id='word_1_45' title='bbox 482 693 553 752; x_wconf 90' lang='lat' dir='ltr'><strong>serit</strong></span> <span class='ocrx_word' id='word_1_46' title='bbox 573 700 602 750; x_wconf 89' lang='lat' dir='ltr'><strong>et</strong></span> <span class='ocrx_word' id='word_1_47' title='bbox 623 710 656 750; x_wconf 89' lang='lat' dir='ltr'><strong>sc</strong></span> <span class='ocrx_word' id='word_1_48' title='bbox 682 693 761 769; x_wconf 88' lang='lat' dir='ltr'><strong>ipsa,</strong></span> <span class='ocrx_word' id='word_1_49' title='bbox 800 710 923 772; x_wconf 90' lang='lat' dir='ltr'><strong>namque</strong></span> <span class='ocrx_word' id='word_1_50' title='bbox 950 696 1098 754; x_wconf 85' lang='lat' dir='ltr'><strong>incurvato</strong></span> <span class='ocrx_word' id='word_1_51' title='bbox 1125 708 1196 754; x_wconf 75' lang='lat' dir='ltr'><strong>cat</strong></span> 
     </span>
     <span class='ocr_line' id='line_1_7' title="bbox 181 775 1171 852; baseline -0.005 -10"><span class='ocrx_word' id='word_1_52' title='bbox 181 783 292 842; x_wconf 83' lang='lat' dir='ltr'><strong>cumino</strong></span> <span class='ocrx_word' id='word_1_53' title='bbox 308 780 429 840; x_wconf 88' lang='lat' dir='ltr'><strong>alicuius</strong></span> <span class='ocrx_word' id='word_1_54' title='bbox 442 777 524 852; x_wconf 89' lang='lat' dir='ltr'><strong>rami,</strong></span> <span class='ocrx_word' id='word_1_55' title='bbox 540 793 604 836; x_wconf 91' lang='lat' dir='ltr'><strong>cum</strong></span> <span class='ocrx_word' id='word_1_56' title='bbox 618 775 745 852; x_wconf 76' lang='lat' dir='ltr'><strong>attigerit</strong></span> <span class='ocrx_word' id='word_1_57' title='bbox 763 785 884 852; x_wconf 85' lang='lat' dir='ltr'><strong>terram,</strong></span> <span class='ocrx_word' id='word_1_58' title='bbox 908 781 1003 838; x_wconf 89' lang='lat' dir='ltr'><strong>statim</strong></span> <span class='ocrx_word' id='word_1_59' title='bbox 1018 779 1171 840; x_wconf 70' lang='lat' dir='ltr'><strong>radicatur.</strong></span> 
     </span>
     <span class='ocr_line' id='line_1_8' title="bbox 180 859 1172 936; baseline -0.005 -9"><span class='ocrx_word' id='word_1_60' title='bbox 180 864 290 927; x_wconf 80' lang='lat' dir='ltr'><strong>Eadem</strong></span> <span class='ocrx_word' id='word_1_61' title='bbox 305 873 335 924; x_wconf 90' lang='lat' dir='ltr'><strong>et</strong></span> <span class='ocrx_word' id='word_1_62' title='bbox 350 863 443 922; x_wconf 90' lang='lat' dir='ltr'><strong>ocimo</strong></span> <span class='ocrx_word' id='word_1_63' title='bbox 463 870 571 934; x_wconf 89' lang='lat' dir='ltr'><strong>natura,</strong></span> <span class='ocrx_word' id='word_1_64' title='bbox 589 861 645 920; x_wconf 91' lang='lat' dir='ltr'><strong>nisi</strong></span> <span class='ocrx_word' id='word_1_65' title='bbox 661 860 738 936; x_wconf 91' lang='lat' dir='ltr'><strong>quud</strong></span> <span class='ocrx_word' id='word_1_66' title='bbox 754 859 898 920; x_wconf 86' lang='lat' dir='ltr'><strong>difficilius</strong></span> <span class='ocrx_word' id='word_1_67' title='bbox 914 865 1029 926; x_wconf 87' lang='lat' dir='ltr'><strong>arescit.</strong></span> <span class='ocrx_word' id='word_1_68' title='bbox 1056 863 1108 922; x_wconf 90' lang='lat' dir='ltr'><strong>sed</strong></span> <span class='ocrx_word' id='word_1_69' title='bbox 1124 862 1172 922; x_wconf 89' lang='lat' dir='ltr'><strong>du·</strong></span> 
     </span>
     <span class='ocr_line' id='line_1_9' title="bbox 179 941 1173 1021; baseline -0.003 -11"><span class='ocrx_word' id='word_1_70' title='bbox 179 959 241 1010; x_wconf 87' lang='lat' dir='ltr'><strong>rata</strong></span> <span class='ocrx_word' id='word_1_71' title='bbox 254 955 388 1008; x_wconf 89' lang='lat' dir='ltr'><strong>runcatur</strong></span> <span class='ocrx_word' id='word_1_72' title='bbox 400 963 458 1004; x_wconf 90' lang='lat' dir='ltr'><strong>non</strong></span> <span class='ocrx_word' id='word_1_73' title='bbox 471 946 533 1004; x_wconf 88' lang='lat' dir='ltr'><strong>sine</strong></span> <span class='ocrx_word' id='word_1_74' title='bbox 550 941 720 1005; x_wconf 83' lang='lat' dir='ltr'><strong>difficultate</strong></span> <span class='ocrx_word' id='word_1_75' title='bbox 732 945 876 1021; x_wconf 73' lang='lat' dir='ltr'><strong>pruritivis</strong></span> <span class='ocrx_word' id='word_1_76' title='bbox 896 945 1056 1021; x_wconf 77' lang='lat' dir='ltr'><strong>ulceribus,</strong></span> <span class='ocrx_word' id='word_1_77' title='bbox 1072 949 1100 1007; x_wconf 89' lang='lat' dir='ltr'><strong>ui</strong></span> <span class='ocrx_word' id='word_1_78' title='bbox 1114 965 1173 1006; x_wconf 93' lang='lat' dir='ltr'><strong>mu·</strong></span> 
     </span>
     <span class='ocr_line' id='line_1_10' title="bbox 179 1027 1173 1093; baseline -0.003 -1"><span class='ocrx_word' id='word_1_79' title='bbox 179 1035 245 1093; x_wconf 90' lang='lat' dir='ltr'><strong>nitis</strong></span> <span class='ocrx_word' id='word_1_80' title='bbox 259 1030 387 1092; x_wconf 86' lang='lat' dir='ltr'><strong>manibus</strong></span> <span class='ocrx_word' id='word_1_81' title='bbox 401 1028 429 1089; x_wconf 92' lang='lat' dir='ltr'><strong>id</strong></span> <span class='ocrx_word' id='word_1_82' title='bbox 446 1028 494 1087; x_wconf 89' lang='lat' dir='ltr'><strong>liat</strong></span> <span class='ocrx_word' id='word_1_83' title='bbox 510 1027 617 1087; x_wconf 80' lang='lat' dir='ltr'><strong>oleove</strong></span> <span class='ocrx_word' id='word_1_84' title='bbox 628 1027 767 1088; x_wconf 86' lang='lat' dir='ltr'><strong>defensis.</strong></span> <span class='ocrx_word' id='word_1_85' title='bbox 794 1029 952 1090; x_wconf 86' lang='lat' dir='ltr'><strong>conduntur</strong></span> <span class='ocrx_word' id='word_1_86' title='bbox 962 1038 1057 1091; x_wconf 88' lang='lat' dir='ltr'><strong>autem</strong></span> <span class='ocrx_word' id='word_1_87' title='bbox 1068 1040 1097 1090; x_wconf 90' lang='lat' dir='ltr'><strong>et</strong></span> <span class='ocrx_word' id='word_1_88' title='bbox 1113 1033 1173 1091; x_wconf 88' lang='lat' dir='ltr'><strong>eius</strong></span> 
     </span>
     <span class='ocr_line' id='line_1_11' title="bbox 178 1110 1209 1189; baseline -0.016 -12"><span class='ocrx_word' id='word_1_89' title='bbox 178 1117 249 1177; x_wconf 83' lang='lat' dir='ltr'><strong>folia</strong></span> <span class='ocrx_word' id='word_1_90' title='bbox 264 1119 471 1189; x_wconf 86' lang='lat' dir='ltr'><strong>servanturque</strong></span> <span class='ocrx_word' id='word_1_91' title='bbox 489 1110 646 1171; x_wconf 81' lang='lat' dir='ltr'><strong>fasciculis.</strong></span> <span class='ocrx_word' id='word_1_92' title='bbox 1184 1121 1209 1161; x_wconf 81' lang='lat' dir='ltr'><strong>ao</strong></span> 
     </span>
     <span class='ocr_line' id='line_1_12' title="bbox 138 1193 1173 1277; baseline 0 -21"><span class='ocrx_word' id='word_1_93' title='bbox 138 1209 187 1265; x_wconf 76' lang='lat'><strong>158</strong></span> <span class='ocrx_word' id='word_1_94' title='bbox 249 1197 335 1277; x_wconf 78' lang='grc'>’(46.)</span> <span class='ocrx_word' id='word_1_95' title='bbox 356 1193 402 1253; x_wconf 80' lang='lat' dir='ltr'><strong>Ab</strong></span> <span class='ocrx_word' id='word_1_96' title='bbox 427 1197 612 1273; x_wconf 85' lang='lat' dir='ltr'><strong>aequinoctio</strong></span> <span class='ocrx_word' id='word_1_97' title='bbox 631 1212 721 1255; x_wconf 86' lang='lat' dir='ltr'><strong>venno</strong></span> <span class='ocrx_word' id='word_1_98' title='bbox 740 1197 844 1256; x_wconf 89' lang='lat' dir='ltr'><strong>seritur</strong></span> <span class='ocrx_word' id='word_1_99' title='bbox 866 1198 961 1275; x_wconf 85' lang='lat' dir='ltr'><strong>apium</strong></span> <span class='ocrx_word' id='word_1_100' title='bbox 975 1199 1083 1260; x_wconf 87' lang='lat' dir='ltr'><strong>semine</strong></span> <span class='ocrx_word' id='word_1_101' title='bbox 1104 1216 1173 1276; x_wconf 92' lang='lat' dir='ltr'><strong>pau-</strong></span> 
     </span>
     <span class='ocr_line' id='line_1_13' title="bbox 179 1278 1174 1358; baseline -0.002 -16"><span class='ocrx_word' id='word_1_102' title='bbox 179 1283 236 1343; x_wconf 89' lang='lat' dir='ltr'><strong>lum</strong></span> <span class='ocrx_word' id='word_1_103' title='bbox 252 1282 281 1338; x_wconf 91' lang='lat' dir='ltr'><strong>in</strong></span> <span class='ocrx_word' id='word_1_104' title='bbox 295 1279 354 1358; x_wconf 92' lang='lat' dir='ltr'><strong>pila</strong></span> <span class='ocrx_word' id='word_1_105' title='bbox 372 1278 498 1356; x_wconf 86' lang='lat' dir='ltr'><strong>pulsato.</strong></span> <span class='ocrx_word' id='word_1_106' title='bbox 528 1279 651 1355; x_wconf 89' lang='lat' dir='ltr'><strong>crispius</strong></span> <span class='ocrx_word' id='word_1_107' title='bbox 666 1280 709 1337; x_wconf 87' lang='lat' dir='ltr'><strong>sic</strong></span> <span class='ocrx_word' id='word_1_108' title='bbox 723 1288 823 1357; x_wconf 91' lang='lat' dir='ltr'><strong>putant</strong></span> <span class='ocrx_word' id='word_1_109' title='bbox 838 1280 901 1338; x_wconf 87' lang='lat' dir='ltr'><strong>lieri</strong></span> <span class='ocrx_word' id='word_1_110' title='bbox 912 1290 960 1340; x_wconf 90' lang='lat' dir='ltr'><strong>aut</strong></span> <span class='ocrx_word' id='word_1_111' title='bbox 972 1284 996 1340; x_wconf 92' lang='lat' dir='ltr'><strong>si</strong></span> <span class='ocrx_word' id='word_1_112' title='bbox 1011 1292 1103 1341; x_wconf 88' lang='lat' dir='ltr'><strong>satum</strong></span> <span class='ocrx_word' id='word_1_113' title='bbox 1116 1281 1174 1340; x_wconf 92' lang='lat' dir='ltr'><strong>cal·</strong></span> 
     </span>
     <span class='ocr_line' id='line_1_14' title="bbox 179 1359 1174 1440; baseline -0.001 -17"><span class='ocrx_word' id='word_1_114' title='bbox 179 1373 259 1424; x_wconf 87' lang='lat' dir='ltr'><strong>cetur</strong></span> <span class='ocrx_word' id='word_1_115' title='bbox 279 1363 409 1440; x_wconf 71' lang='lat' dir='ltr'><strong>cylindro</strong></span> <span class='ocrx_word' id='word_1_116' title='bbox 425 1359 597 1439; x_wconf 84' lang='lat' dir='ltr'><strong>pedibusve.</strong></span> <span class='ocrx_word' id='word_1_117' title='bbox 629 1362 777 1437; x_wconf 92' lang='lat' dir='ltr'><strong>proprium</strong></span> <span class='ocrx_word' id='word_1_118' title='bbox 792 1363 819 1420; x_wconf 93' lang='lat' dir='ltr'><strong>ei</strong></span> <span class='ocrx_word' id='word_1_119' title='bbox 837 1363 915 1439; x_wconf 92' lang='lat' dir='ltr'><strong>quod</strong></span> <span class='ocrx_word' id='word_1_120' title='bbox 931 1364 1062 1423; x_wconf 90' lang='lat' dir='ltr'><strong>colorem</strong></span> <span class='ocrx_word' id='word_1_121' title='bbox 1075 1374 1174 1424; x_wconf 86' lang='lat' dir='ltr'><strong>mutat.</strong></span> 
     </span>
     <span class='ocr_line' id='line_1_15' title="bbox 177 1445 1175 1516; baseline 0.002 -9"><span class='ocrx_word' id='word_1_122' title='bbox 177 1449 270 1507; x_wconf 86' lang='lat' dir='ltr'><strong>honos</strong></span> <span class='ocrx_word' id='word_1_123' title='bbox 287 1449 316 1506; x_wconf 89' lang='lat' dir='ltr'><strong>iu</strong></span> <span class='ocrx_word' id='word_1_124' title='bbox 333 1445 443 1505; x_wconf 79' lang='lat' dir='ltr'><strong>Achaia</strong></span> <span class='ocrx_word' id='word_1_125' title='bbox 459 1459 600 1516; x_wconf 77' lang='lat' dir='ltr'><strong>copcnare</strong></span> <span class='ocrx_word' id='word_1_126' title='bbox 615 1445 744 1503; x_wconf 83' lang='lat' dir='ltr'><strong>victores</strong></span> <span class='ocrx_word' id='word_1_127' title='bbox 760 1446 839 1504; x_wconf 85' lang='lat' dir='ltr'><strong>sacri</strong></span> <span class='ocrx_word' id='word_1_128' title='bbox 857 1447 1020 1504; x_wconf 85' lang='lat' dir='ltr'><strong>certaminis</strong></span> <span class='ocrx_word' id='word_1_129' title='bbox 1035 1445 1175 1509; x_wconf 86' lang='lat' dir='ltr'><strong>Nemeae.</strong></span> 
     </span>
     <span class='ocr_line' id='line_1_16' title="bbox 137 1527 1264 1620; baseline -0.007 -24"><span class='ocrx_word' id='word_1_130' title='bbox 137 1540 187 1597; x_wconf 82' lang='lat'><strong>159</strong></span> <span class='ocrx_word' id='word_1_131' title='bbox 255 1531 312 1609; x_wconf 84' lang='lat'><strong>(47</strong></span> <span class='ocrx_word' id='word_1_132' title='bbox 315 1532 340 1609; x_wconf 93' lang='lat'><strong>.)</strong></span> <span class='ocrx_word' id='word_1_133' title='bbox 362 1528 473 1589; x_wconf 82' lang='lat' dir='ltr'><strong>Eodem</strong></span> <span class='ocrx_word' id='word_1_134' title='bbox 489 1537 619 1607; x_wconf 88' lang='lat' dir='ltr'><strong>tempore</strong></span> <span class='ocrx_word' id='word_1_135' title='bbox 640 1528 744 1588; x_wconf 85' lang='lat' dir='ltr'><strong>seritur</strong></span> <span class='ocrx_word' id='word_1_136' title='bbox 759 1535 852 1620; x_wconf 80' lang='lat' dir='ltr'><strong>mepta</strong></span> <span class='ocrx_word' id='word_1_137' title='bbox 867 1527 963 1606; x_wconf 89' lang='lat' dir='ltr'><strong>planta</strong></span> <span class='ocrx_word' id='word_1_138' title='bbox 978 1529 1043 1605; x_wconf 82' lang='lat' dir='ltr'><strong>vel,</strong></span> <span class='ocrx_word' id='word_1_139' title='bbox 1062 1532 1087 1589; x_wconf 87' lang='lat' dir='ltr'><strong>si</strong></span> <span class='ocrx_word' id='word_1_140' title='bbox 1103 1543 1215 1590; x_wconf 80' lang='lat' dir='ltr'><strong>non-1⁵</strong></span> <span class='ocrx_word' id='word_1_141' title='bbox 1263 1583 1264 1606; x_wconf 66' lang='lat'><strong>,</strong></span> 
     </span>
     <span class='ocr_line' id='line_1_17' title="bbox 177 1611 1264 1704; baseline -0.003 -27"><span class='ocrx_word' id='word_1_142' title='bbox 177 1617 242 1677; x_wconf 89' lang='lat' dir='ltr'><strong>dnm</strong></span> <span class='ocrx_word' id='word_1_143' title='bbox 257 1615 408 1693; x_wconf 82' lang='lat' dir='ltr'><strong>germinat,</strong></span> <span class='ocrx_word' id='word_1_144' title='bbox 425 1630 563 1692; x_wconf 80' lang='lat' dir='ltr'><strong>spongea.</strong></span> <span class='ocrx_word' id='word_1_145' title='bbox 592 1613 756 1672; x_wconf 76' lang='lat' dir='ltr'><strong>conminus</strong></span> <span class='ocrx_word' id='word_1_146' title='bbox 776 1611 849 1674; x_wconf 88' lang='lat' dir='ltr'><strong>haec</strong></span> <span class='ocrx_word' id='word_1_147' title='bbox 870 1611 964 1673; x_wconf 89' lang='lat' dir='ltr'><strong>umido</strong></span> <span class='ocrx_word' id='word_1_148' title='bbox 978 1613 1093 1690; x_wconf 82' lang='lat' dir='ltr'><strong>gaudet.</strong></span> <span class='ocrx_word' id='word_1_149' title='bbox 1126 1631 1175 1674; x_wconf 87' lang='lat' dir='ltr'><strong>ae·</strong></span> <span class='ocrx_word' id='word_1_150' title='bbox 1263 1629 1264 1704; x_wconf 53' lang='lat' dir='ltr'><strong>p</strong></span> 
     </span>
     <span class='ocr_line' id='line_1_18' title="bbox 85 1695 1264 1774; baseline -0.005 -13"><span class='ocrx_word' id='word_1_151' title='bbox 85 1752 90 1772; x_wconf 83' lang='lat'>‚</span> <span class='ocrx_word' id='word_1_152' title='bbox 179 1709 254 1760; x_wconf 85' lang='lat' dir='ltr'><strong>state</strong></span> <span class='ocrx_word' id='word_1_153' title='bbox 268 1701 354 1774; x_wconf 86' lang='lat' dir='ltr'><strong>viret,</strong></span> <span class='ocrx_word' id='word_1_154' title='bbox 370 1699 464 1758; x_wconf 88' lang='lat' dir='ltr'><strong>hieme</strong></span> <span class='ocrx_word' id='word_1_155' title='bbox 478 1697 616 1756; x_wconf 84' lang='lat' dir='ltr'><strong>flavescit.</strong></span> <span class='ocrx_word' id='word_1_156' title='bbox 651 1695 1174 1760; x_wconf 84' lang='lat' dir='ltr'><strong>Genuseiussilvestrementastrum.</strong></span> <span class='ocrx_word' id='word_1_157' title='bbox 1263 1763 1264 1770; x_wconf 8' lang='grc' dir='ltr'>ἵ</span> 
     </span>
     <span class='ocr_line' id='line_1_19' title="bbox 180 1778 1264 1862; baseline -0.008 -17"><span class='ocrx_word' id='word_1_158' title='bbox 180 1803 217 1845; x_wconf 86' lang='lat' dir='ltr'><strong>ex</strong></span> <span class='ocrx_word' id='word_1_159' title='bbox 227 1786 284 1844; x_wconf 93' lang='lat' dir='ltr'><strong>hoc</strong></span> <span class='ocrx_word' id='word_1_160' title='bbox 298 1790 475 1862; x_wconf 78' lang='lat' dir='ltr'><strong>propagatur</strong></span> <span class='ocrx_word' id='word_1_161' title='bbox 489 1789 519 1840; x_wconf 91' lang='lat' dir='ltr'><strong>ut</strong></span> <span class='ocrx_word' id='word_1_162' title='bbox 532 1781 609 1856; x_wconf 86' lang='lat' dir='ltr'><strong>vltis,</strong></span> <span class='ocrx_word' id='word_1_163' title='bbox 624 1778 673 1839; x_wconf 81' lang='lat' dir='ltr'><strong>vel</strong></span> <span class='ocrx_word' id='word_1_164' title='bbox 690 1781 714 1838; x_wconf 93' lang='lat' dir='ltr'><strong>si</strong></span> <span class='ocrx_word' id='word_1_165' title='bbox 729 1781 836 1842; x_wconf 84' lang='lat' dir='ltr'><strong>inversi</strong></span> <span class='ocrx_word' id='word_1_166' title='bbox 847 1781 917 1840; x_wconf 89' lang='lat' dir='ltr'><strong>rami</strong></span> <span class='ocrx_word' id='word_1_167' title='bbox 928 1791 1068 1841; x_wconf 87' lang='lat' dir='ltr'><strong>serantur.</strong></span> <span class='ocrx_word' id='word_1_168' title='bbox 1094 1780 1174 1842; x_wconf 86' lang='lat' dir='ltr'><strong>llan-</strong></span> <span class='ocrx_word' id='word_1_169' title='bbox 1263 1781 1264 1836; x_wconf 77' lang='lat' dir='ltr'><strong>i</strong></span> 
     </span>
     <span class='ocr_line' id='line_1_20' title="bbox 178 1849 1264 1943; baseline -0.005 -15"><span class='ocrx_word' id='word_1_170' title='bbox 178 1878 226 1928; x_wconf 90' lang='lat' dir='ltr'><strong>tae</strong></span> <span class='ocrx_word' id='word_1_171' title='bbox 242 1885 346 1927; x_wconf 88' lang='lat' dir='ltr'><strong>nomen</strong></span> <span class='ocrx_word' id='word_1_172' title='bbox 361 1866 486 1926; x_wconf 87' lang='lat' dir='ltr'><strong>suavitas</strong></span> <span class='ocrx_word' id='word_1_173' title='bbox 504 1863 602 1924; x_wconf 87' lang='lat' dir='ltr'><strong>odoris</strong></span> <span class='ocrx_word' id='word_1_174' title='bbox 619 1863 695 1943; x_wconf 92' lang='lat' dir='ltr'><strong>apud</strong></span> <span class='ocrx_word' id='word_1_175' title='bbox 710 1862 838 1926; x_wconf 81' lang='lat' dir='ltr'><strong>Graecos</strong></span> <span class='ocrx_word' id='word_1_176' title='bbox 857 1865 990 1941; x_wconf 91' lang='lat' dir='ltr'><strong>mutavit,</strong></span> <span class='ocrx_word' id='word_1_177' title='bbox 1016 1884 1079 1926; x_wconf 90' lang='lat' dir='ltr'><strong>cum</strong></span> <span class='ocrx_word' id='word_1_178' title='bbox 1101 1865 1172 1924; x_wconf 91' lang='lat' dir='ltr'><strong>alic·</strong></span> <span class='ocrx_word' id='word_1_179' title='bbox 1263 1849 1264 1883; x_wconf 60' lang='lat'>¹</span> 
     </span>
     <span class='ocr_line' id='line_1_21' title="bbox 179 1948 1211 2028; baseline 0.002 -19"><span class='ocrx_word' id='word_1_180' title='bbox 179 1953 227 2028; x_wconf 93' lang='lat' dir='ltr'><strong>qui</strong></span> <span class='ocrx_word' id='word_1_181' title='bbox 244 1949 349 2009; x_wconf 88' lang='lat' dir='ltr'><strong>mintha</strong></span> <span class='ocrx_word' id='word_1_182' title='bbox 363 1957 533 2028; x_wconf 83' lang='lat' dir='ltr'><strong>vocaretur,</strong></span> <span class='ocrx_word' id='word_1_183' title='bbox 550 1948 625 2008; x_wconf 88' lang='lat' dir='ltr'><strong>uude</strong></span> <span class='ocrx_word' id='word_1_184' title='bbox 640 1956 757 2008; x_wconf 85' lang='lat' dir='ltr'><strong>veteres</strong></span> <span class='ocrx_word' id='word_1_185' title='bbox 771 1949 861 2008; x_wconf 88' lang='lat' dir='ltr'><strong>nostri</strong></span> <span class='ocrx_word' id='word_1_186' title='bbox 881 1964 985 2008; x_wconf 88' lang='lat' dir='ltr'><strong>nomen</strong></span> <span class='ocrx_word' id='word_1_187' title='bbox 1007 1949 1171 2011; x_wconf 86' lang='lat' dir='ltr'><strong>declinave-</strong></span> <span class='ocrx_word' id='word_1_188' title='bbox 1184 1960 1211 2002; x_wconf 84' lang='lat'><strong>²0</strong></span> 
     </span>
     <span class='ocr_line' id='line_1_22' title="bbox 139 2032 1174 2114; baseline -0.005 -19"><span class='ocrx_word' id='word_1_189' title='bbox 139 2043 268 2099; x_wconf 79' lang='lat' dir='ltr'><strong>lucrant.</strong></span> <span class='ocrx_word' id='word_1_190' title='bbox 300 2032 387 2114; x_wconf 74' lang='lat' dir='ltr'><strong>Grato</strong></span> <span class='ocrx_word' id='word_1_191' title='bbox 401 2041 494 2092; x_wconf 86' lang='lat' dir='ltr'><strong>menta</strong></span> <span class='ocrx_word' id='word_1_192' title='bbox 509 2049 623 2092; x_wconf 85' lang='lat' dir='ltr'><strong>mensas</strong></span> <span class='ocrx_word' id='word_1_193' title='bbox 645 2033 736 2092; x_wconf 88' lang='lat' dir='ltr'><strong>odore</strong></span> <span class='ocrx_word' id='word_1_194' title='bbox 759 2033 901 2110; x_wconf 85' lang='lat' dir='ltr'><strong>percurrit</strong></span> <span class='ocrx_word' id='word_1_195' title='bbox 916 2033 945 2090; x_wconf 93' lang='lat' dir='ltr'><strong>in</strong></span> <span class='ocrx_word' id='word_1_196' title='bbox 961 2035 1075 2094; x_wconf 88' lang='lat' dir='ltr'><strong>rusticis</strong></span> <span class='ocrx_word' id='word_1_197' title='bbox 1093 2033 1174 2111; x_wconf 90' lang='lat' dir='ltr'><strong>dapi-</strong></span> 
     </span>
     <span class='ocr_line' id='line_1_23' title="bbox 178 2110 1263 2194; baseline 0 -18"><span class='ocrx_word' id='word_1_198' title='bbox 178 2116 242 2176; x_wconf 85' lang='lat' dir='ltr'><strong>bus.</strong></span> <span class='ocrx_word' id='word_1_199' title='bbox 258 2117 349 2177; x_wconf 88' lang='lat' dir='ltr'><strong>semel</strong></span> <span class='ocrx_word' id='word_1_200' title='bbox 361 2124 422 2177; x_wconf 86' lang='lat' dir='ltr'><strong>sata</strong></span> <span class='ocrx_word' id='word_1_201' title='bbox 435 2116 540 2176; x_wconf 91' lang='lat' dir='ltr'><strong>diutina</strong></span> <span class='ocrx_word' id='word_1_202' title='bbox 551 2124 646 2176; x_wconf 86' lang='lat' dir='ltr'><strong>aetate</strong></span> <span class='ocrx_word' id='word_1_203' title='bbox 657 2117 748 2176; x_wconf 91' lang='lat' dir='ltr'><strong>durat.</strong></span> <span class='ocrx_word' id='word_1_204' title='bbox 767 2117 898 2193; x_wconf 83' lang='lat' dir='ltr'><strong>congruit</strong></span> <span class='ocrx_word' id='word_1_205' title='bbox 909 2116 1018 2194; x_wconf 88' lang='lat' dir='ltr'><strong>puleio,</strong></span> <span class='ocrx_word' id='word_1_206' title='bbox 1033 2119 1112 2177; x_wconf 87' lang='lat' dir='ltr'><strong>cuius</strong></span> <span class='ocrx_word' id='word_1_207' title='bbox 1123 2133 1173 2176; x_wconf 92' lang='lat' dir='ltr'><strong>na·</strong></span> <span class='ocrx_word' id='word_1_208' title='bbox 1246 2110 1263 2176; x_wconf 64' lang='grc' dir='ltr'>Ϊ</span> 
     </span>
     <span class='ocr_line' id='line_1_24' title="bbox 139 2199 1173 2283; baseline -0.003 -22"><span class='ocrx_word' id='word_1_209' title='bbox 139 2201 169 2283; x_wconf 57' lang='lat' dir='ltr'><strong>,q</strong></span> <span class='ocrx_word' id='word_1_210' title='bbox 179 2199 288 2276; x_wconf 61' lang='lat' dir='ltr'><strong>{litura</strong></span> <span class='ocrx_word' id='word_1_211' title='bbox 299 2202 329 2259; x_wconf 91' lang='lat' dir='ltr'><strong>in</strong></span> <span class='ocrx_word' id='word_1_212' title='bbox 340 2201 475 2261; x_wconf 90' lang='lat' dir='ltr'><strong>camariis</strong></span> <span class='ocrx_word' id='word_1_213' title='bbox 491 2199 685 2260; x_wconf 82' lang='lat' dir='ltr'><strong>reflorescens</strong></span> <span class='ocrx_word' id='word_1_214' title='bbox 702 2201 818 2278; x_wconf 89' lang='lat' dir='ltr'><strong>saepius</strong></span> <span class='ocrx_word' id='word_1_215' title='bbox 831 2200 909 2260; x_wconf 90' lang='lat' dir='ltr'><strong>dicta</strong></span> <span class='ocrx_word' id='word_1_216' title='bbox 925 2208 978 2258; x_wconf 88' lang='lat' dir='ltr'><strong>est.</strong></span> <span class='ocrx_word' id='word_1_217' title='bbox 1012 2200 1085 2261; x_wconf 85' lang='lat' dir='ltr'><strong>haec</strong></span> <span class='ocrx_word' id='word_1_218' title='bbox 1102 2218 1173 2279; x_wconf 93' lang='lat' dir='ltr'><strong>quc·</strong></span> 
     </span>
     <span class='ocr_line' id='line_1_25' title="bbox 179 2282 1173 2364; baseline -0.003 -19"><span class='ocrx_word' id='word_1_219' title='bbox 179 2304 236 2364; x_wconf 89' lang='lat' dir='ltr'><strong>qne</strong></span> <span class='ocrx_word' id='word_1_220' title='bbox 253 2293 403 2345; x_wconf 85' lang='lat' dir='ltr'><strong>servantur</strong></span> <span class='ocrx_word' id='word_1_221' title='bbox 417 2283 501 2344; x_wconf 86' lang='lat' dir='ltr'><strong>simili</strong></span> <span class='ocrx_word' id='word_1_222' title='bbox 517 2300 643 2360; x_wconf 81' lang='lat' dir='ltr'><strong>genere,</strong></span> <span class='ocrx_word' id='word_1_223' title='bbox 657 2291 778 2344; x_wconf 89' lang='lat' dir='ltr'><strong>mentam</strong></span> <span class='ocrx_word' id='word_1_224' title='bbox 793 2284 860 2344; x_wconf 91' lang='lat' dir='ltr'><strong>dico</strong></span> <span class='ocrx_word' id='word_1_225' title='bbox 873 2282 1056 2362; x_wconf 88' lang='lat' dir='ltr'><strong>puleiumque</strong></span> <span class='ocrx_word' id='word_1_226' title='bbox 1076 2293 1107 2344; x_wconf 87' lang='lat' dir='ltr'><strong>et</strong></span> <span class='ocrx_word' id='word_1_227' title='bbox 1122 2302 1173 2343; x_wconf 90' lang='lat' dir='ltr'><strong>ne-</strong></span> 
     </span>
     <span class='ocr_line' id='line_1_26' title="bbox 179 2367 1210 2450; baseline -0.004 -20"><span class='ocrx_word' id='word_1_228' title='bbox 179 2379 284 2450; x_wconf 88' lang='lat' dir='ltr'><strong>petam.</strong></span> <span class='ocrx_word' id='word_1_229' title='bbox 317 2368 561 2428; x_wconf 81' lang='lat' dir='ltr'><strong>condimentorum</strong></span> <span class='ocrx_word' id='word_1_230' title='bbox 576 2375 671 2426; x_wconf 87' lang='lat' dir='ltr'><strong>tamen</strong></span> <span class='ocrx_word' id='word_1_231' title='bbox 685 2368 807 2427; x_wconf 90' lang='lat' dir='ltr'><strong>omnium</strong></span> <span class='ocrx_word' id='word_1_232' title='bbox 828 2385 920 2445; x_wconf 89' lang='lat' dir='ltr'><strong>aquae</strong></span> <span class='ocrx_word' id='word_1_233' title='bbox 941 2367 1064 2428; x_wconf 81' lang='lat' dir='ltr'><strong>fastidiis</strong></span> <span class='ocrx_word' id='word_1_234' title='bbox 1085 2369 1172 2428; x_wconf 91' lang='lat' dir='ltr'><strong>cumi·</strong></span> <span class='ocrx_word' id='word_1_235' title='bbox 1184 2375 1210 2415; x_wconf 79' lang='lat'><strong>²⁵</strong></span> 
     </span>
     <span class='ocr_line' id='line_1_27' title="bbox 137 2450 1263 2524; baseline -0.009 -3"><span class='ocrx_word' id='word_1_236' title='bbox 137 2466 187 2520; x_wconf 85' lang='lat'><strong>161</strong></span> <span class='ocrx_word' id='word_1_237' title='bbox 195 2471 259 2512; x_wconf 88' lang='lat' dir='ltr'><strong>num</strong></span> <span class='ocrx_word' id='word_1_238' title='bbox 276 2451 484 2512; x_wconf 84' lang='lat' dir='ltr'><strong>amicissimum.</strong></span> <span class='ocrx_word' id='word_1_239' title='bbox 510 2451 637 2510; x_wconf 87' lang='lat' dir='ltr'><strong>nascitur</strong></span> <span class='ocrx_word' id='word_1_240' title='bbox 652 2450 680 2508; x_wconf 90' lang='lat' dir='ltr'><strong>in</strong></span> <span class='ocrx_word' id='word_1_241' title='bbox 695 2467 803 2510; x_wconf 90' lang='lat' dir='ltr'><strong>summa</strong></span> <span class='ocrx_word' id='word_1_242' title='bbox 817 2451 921 2511; x_wconf 90' lang='lat' dir='ltr'><strong>tellure</strong></span> <span class='ocrx_word' id='word_1_243' title='bbox 938 2453 987 2510; x_wconf 84' lang='lat' dir='ltr'><strong>vix</strong></span> <span class='ocrx_word' id='word_1_244' title='bbox 1002 2451 1126 2513; x_wconf 86' lang='lat' dir='ltr'><strong>haerens</strong></span> <span class='ocrx_word' id='word_1_245' title='bbox 1143 2460 1176 2511; x_wconf 90' lang='lat' dir='ltr'><strong>ct</strong></span> <span class='ocrx_word' id='word_1_246' title='bbox 1262 2451 1263 2524; x_wconf 71' lang='lat' dir='ltr'><strong>l</strong></span> 
     </span>
     <span class='ocr_line' id='line_1_28' title="bbox 178 2531 1174 2610; baseline -0.001 -15"><span class='ocrx_word' id='word_1_247' title='bbox 178 2539 208 2596; x_wconf 86' lang='lat' dir='ltr'><strong>in</strong></span> <span class='ocrx_word' id='word_1_248' title='bbox 223 2533 344 2598; x_wconf 84' lang='lat' dir='ltr'><strong>sublime</strong></span> <span class='ocrx_word' id='word_1_249' title='bbox 361 2531 491 2593; x_wconf 87' lang='lat' dir='ltr'><strong>tendens.</strong></span> <span class='ocrx_word' id='word_1_250' title='bbox 514 2534 543 2592; x_wconf 94' lang='lat' dir='ltr'><strong>in</strong></span> <span class='ocrx_word' id='word_1_251' title='bbox 554 2532 684 2610; x_wconf 88' lang='lat' dir='ltr'><strong>putribus</strong></span> <span class='ocrx_word' id='word_1_252' title='bbox 697 2542 725 2592; x_wconf 89' lang='lat' dir='ltr'><strong>et</strong></span> <span class='ocrx_word' id='word_1_253' title='bbox 736 2533 836 2594; x_wconf 81' lang='lat' dir='ltr'><strong>calidis</strong></span> <span class='ocrx_word' id='word_1_254' title='bbox 848 2551 978 2594; x_wconf 82' lang='lat' dir='ltr'><strong>maxume</strong></span> <span class='ocrx_word' id='word_1_255' title='bbox 990 2535 1063 2596; x_wconf 90' lang='lat' dir='ltr'><strong>locis</strong></span> <span class='ocrx_word' id='word_1_256' title='bbox 1075 2535 1174 2595; x_wconf 92' lang='lat' dir='ltr'><strong>medio</strong></span> 
     </span>
     <span class='ocr_line' id='line_1_29' title="bbox 178 2609 1175 2697; baseline 0 -19"><span class='ocrx_word' id='word_1_257' title='bbox 178 2617 331 2679; x_wconf 86' lang='lat' dir='ltr'><strong>serendum</strong></span> <span class='ocrx_word' id='word_1_258' title='bbox 346 2634 427 2676; x_wconf 84' lang='lat' dir='ltr'><strong>vera.</strong></span> <span class='ocrx_word' id='word_1_259' title='bbox 457 2617 577 2676; x_wconf 89' lang='lat' dir='ltr'><strong>alterum</strong></span> <span class='ocrx_word' id='word_1_260' title='bbox 592 2617 654 2675; x_wconf 89' lang='lat' dir='ltr'><strong>eins</strong></span> <span class='ocrx_word' id='word_1_261' title='bbox 670 2609 762 2694; x_wconf 79' lang='lat' dir='ltr'><strong>gelius</strong></span> <span class='ocrx_word' id='word_1_262' title='bbox 778 2617 929 2693; x_wconf 83' lang='lat' dir='ltr'><strong>silvestre,</strong></span> <span class='ocrx_word' id='word_1_263' title='bbox 946 2616 1022 2697; x_wconf 92' lang='lat' dir='ltr'><strong>quod</strong></span> <span class='ocrx_word' id='word_1_264' title='bbox 1035 2620 1175 2679; x_wconf 87' lang='lat' dir='ltr'><strong>rusticum</strong></span> 
     </span>
     <span class='ocr_line' id='line_1_30' title="bbox 178 2698 1175 2778; baseline 0.001 -17"><span class='ocrx_word' id='word_1_265' title='bbox 178 2711 298 2778; x_wconf 84' lang='lat' dir='ltr'><strong>vocant,</strong></span> <span class='ocrx_word' id='word_1_266' title='bbox 321 2700 370 2760; x_wconf 88' lang='lat' dir='ltr'><strong>alii</strong></span> <span class='ocrx_word' id='word_1_267' title='bbox 385 2698 574 2776; x_wconf 83' lang='lat' dir='ltr'><strong>Thebaicum,</strong></span> <span class='ocrx_word' id='word_1_268' title='bbox 597 2701 621 2759; x_wconf 83' lang='lat' dir='ltr'><strong>si</strong></span> <span class='ocrx_word' id='word_1_269' title='bbox 636 2702 730 2760; x_wconf 91' lang='lat' dir='ltr'><strong>tritum</strong></span> <span class='ocrx_word' id='word_1_270' title='bbox 749 2719 785 2761; x_wconf 85' lang='lat' dir='ltr'><strong>ex</strong></span> <span class='ocrx_word' id='word_1_271' title='bbox 805 2718 878 2778; x_wconf 87' lang='lat' dir='ltr'><strong>aqua</strong></span> <span class='ocrx_word' id='word_1_272' title='bbox 895 2710 1010 2778; x_wconf 89' lang='lat' dir='ltr'><strong>potetur</strong></span> <span class='ocrx_word' id='word_1_273' title='bbox 1025 2703 1053 2762; x_wconf 91' lang='lat' dir='ltr'><strong>in</strong></span> <span class='ocrx_word' id='word_1_274' title='bbox 1067 2701 1175 2762; x_wconf 90' lang='lat' dir='ltr'><strong>dolore</strong></span> 
     </span>
     <span class='ocr_line' id='line_1_31' title="bbox 90 2779 1212 2863; baseline -0.006 -16"><span class='ocrx_word' id='word_1_275' title='bbox 90 2807 93 2816; x_wconf 90' lang='lat'>·</span> <span class='ocrx_word' id='word_1_276' title='bbox 178 2785 328 2852; x_wconf 85' lang='lat' dir='ltr'><strong>stomachi.</strong></span> <span class='ocrx_word' id='word_1_277' title='bbox 355 2785 383 2844; x_wconf 84' lang='lat' dir='ltr'><strong>ia</strong></span> <span class='ocrx_word' id='word_1_278' title='bbox 398 2779 568 2862; x_wconf 80' lang='lat' dir='ltr'><strong>Carpetania</strong></span> <span class='ocrx_word' id='word_1_279' title='bbox 582 2787 672 2845; x_wconf 85' lang='lat' dir='ltr'><strong>nostri</strong></span> <span class='ocrx_word' id='word_1_280' title='bbox 690 2785 769 2845; x_wconf 85' lang='lat' dir='ltr'><strong>orbis</strong></span> <span class='ocrx_word' id='word_1_281' title='bbox 784 2801 915 2846; x_wconf 89' lang='lat' dir='ltr'><strong>maxume</strong></span> <span class='ocrx_word' id='word_1_282' title='bbox 930 2783 1074 2863; x_wconf 92' lang='lat' dir='ltr'><strong>laudatur,</strong></span> <span class='ocrx_word' id='word_1_283' title='bbox 1098 2786 1172 2846; x_wconf 88' lang='lat' dir='ltr'><strong>alio·</strong></span> <span class='ocrx_word' id='word_1_284' title='bbox 1185 2799 1212 2840; x_wconf 83' lang='lat' dir='ltr'><strong>ac</strong></span> 
     </span>
     <span class='ocr_line' id='line_1_32' title="bbox 178 2858 1173 2949; baseline 0.002 -21"><span class='ocrx_word' id='word_1_285' title='bbox 178 2858 416 2948; x_wconf 56' lang='lat' dir='ltr'><strong>qui‘Aethiopicc</strong></span> <span class='ocrx_word' id='word_1_286' title='bbox 426 2867 587 2946; x_wconf 79' lang='lat' dir='ltr'><strong>Africoque</strong></span> <span class='ocrx_word' id='word_1_287' title='bbox 602 2868 696 2945; x_wconf 91' lang='lat' dir='ltr'><strong>palma</strong></span> <span class='ocrx_word' id='word_1_288' title='bbox 712 2878 764 2928; x_wconf 88' lang='lat' dir='ltr'><strong>est.</strong></span> <span class='ocrx_word' id='word_1_289' title='bbox 790 2867 903 2946; x_wconf 89' lang='lat' dir='ltr'><strong>quidam</strong></span> <span class='ocrx_word' id='word_1_290' title='bbox 918 2868 984 2929; x_wconf 91' lang='lat' dir='ltr'><strong>huic</strong></span> <span class='ocrx_word' id='word_1_291' title='bbox 995 2867 1173 2949; x_wconf 79' lang='lat' dir='ltr'><strong>Aegyptium</strong></span> 
     </span>
     <span class='ocr_line' id='line_1_33' title="bbox 196 2953 1184 3014; baseline -0.012 0"><span class='ocrx_word' id='word_1_292' title='bbox 196 2953 350 3014; x_wconf 74' lang='lat' dir='ltr'><strong>caelarunt.</strong></span> <span class='ocrx_word' id='word_1_293' title='bbox 1177 2987 1184 3002; x_wconf 94' lang='lat'><strong>.</strong></span> 
     </span>
     <span class='ocr_line' id='line_1_34' title="bbox 137 2972 1173 3117; baseline 0.001 -22"><span class='ocrx_word' id='word_1_294' title='bbox 137 2972 194 3102; x_wconf 55' lang='lat' dir='ltr'><strong>rol)</strong></span> <span class='ocrx_word' id='word_1_295' title='bbox 254 3037 336 3115; x_wconf 83' lang='lat'><strong>(48.)</strong></span> <span class='ocrx_word' id='word_1_296' title='bbox 353 3033 412 3095; x_wconf 88' lang='lat' dir='ltr'><strong>Sed</strong></span> <span class='ocrx_word' id='word_1_297' title='bbox 423 3037 580 3114; x_wconf 89' lang='lat' dir='ltr'><strong>praecipue</strong></span> <span class='ocrx_word' id='word_1_298' title='bbox 594 3035 748 3096; x_wconf 82' lang='lat' dir='ltr'><strong>olusatrum</strong></span> <span class='ocrx_word' id='word_1_299' title='bbox 759 3034 846 3096; x_wconf 88' lang='lat' dir='ltr'><strong>mirae</strong></span> <span class='ocrx_word' id='word_1_300' title='bbox 858 3045 976 3096; x_wconf 84' lang='lat' dir='ltr'><strong>naturae</strong></span> <span class='ocrx_word' id='word_1_301' title='bbox 989 3046 1042 3096; x_wconf 88' lang='lat' dir='ltr'><strong>est.</strong></span> <span class='ocrx_word' id='word_1_302' title='bbox 1066 3037 1173 3117; x_wconf 90' lang='lat' dir='ltr'><strong>hippo-</strong></span> 
     </span>
     <span class='ocr_line' id='line_1_35' title="bbox 179 3117 1174 3193; baseline 0 -13"><span class='ocrx_word' id='word_1_303' title='bbox 179 3121 298 3181; x_wconf 88' lang='lat' dir='ltr'><strong>selinum</strong></span> <span class='ocrx_word' id='word_1_304' title='bbox 320 3117 423 3180; x_wconf 77' lang='lat' dir='ltr'><strong>Graeci</strong></span> <span class='ocrx_word' id='word_1_305' title='bbox 443 3127 565 3193; x_wconf 88' lang='lat' dir='ltr'><strong>vocant,</strong></span> <span class='ocrx_word' id='word_1_306' title='bbox 585 3119 634 3178; x_wconf 88' lang='lat' dir='ltr'><strong>alii</strong></span> <span class='ocrx_word' id='word_1_307' title='bbox 654 3120 815 3193; x_wconf 81' lang='lat' dir='ltr'><strong>zmyrnium.</strong></span> <span class='ocrx_word' id='word_1_308' title='bbox 850 3119 998 3180; x_wconf 82' lang='lat' dir='ltr'><strong>alacrima</strong></span> <span class='ocrx_word' id='word_1_309' title='bbox 1018 3120 1108 3180; x_wconf 89' lang='lat' dir='ltr'><strong>caulis</strong></span> <span class='ocrx_word' id='word_1_310' title='bbox 1126 3123 1174 3180; x_wconf 88' lang='lat' dir='ltr'><strong>sui</strong></span> 
     </span>
     <span class='ocr_line' id='line_1_36' title="bbox 177 3202 1212 3280; baseline 0.003 -17"><span class='ocrx_word' id='word_1_311' title='bbox 177 3205 311 3264; x_wconf 90' lang='lat' dir='ltr'><strong>nascitur.</strong></span> <span class='ocrx_word' id='word_1_312' title='bbox 341 3203 445 3262; x_wconf 88' lang='lat' dir='ltr'><strong>seritur</strong></span> <span class='ocrx_word' id='word_1_313' title='bbox 462 3211 491 3262; x_wconf 87' lang='lat' dir='ltr'><strong>et</strong></span> <span class='ocrx_word' id='word_1_314' title='bbox 509 3203 616 3262; x_wconf 86' lang='lat' dir='ltr'><strong>radico.</strong></span> <span class='ocrx_word' id='word_1_315' title='bbox 654 3220 753 3262; x_wconf 90' lang='lat' dir='ltr'><strong>sucum</strong></span> <span class='ocrx_word' id='word_1_316' title='bbox 774 3204 835 3264; x_wconf 88' lang='lat' dir='ltr'><strong>eius</strong></span> <span class='ocrx_word' id='word_1_317' title='bbox 859 3203 907 3280; x_wconf 95' lang='lat' dir='ltr'><strong>qui</strong></span> <span class='ocrx_word' id='word_1_318' title='bbox 932 3202 1071 3280; x_wconf 81' lang='lat' dir='ltr'><strong>colligunt</strong></span> <span class='ocrx_word' id='word_1_319' title='bbox 1091 3222 1212 3266; x_wconf 83' lang='lat' dir='ltr'><strong>mur-as</strong></span> 
     </span>
     <span class='ocr_line' id='line_1_37' title="bbox 178 3285 1171 3365; baseline 0 -19"><span class='ocrx_word' id='word_1_320' title='bbox 178 3291 229 3346; x_wconf 79' lang='lat' dir='ltr'><strong>iae</strong></span> <span class='ocrx_word' id='word_1_321' title='bbox 245 3303 378 3364; x_wconf 85' lang='lat' dir='ltr'><strong>saporem</strong></span> <span class='ocrx_word' id='word_1_322' title='bbox 392 3285 499 3346; x_wconf 89' lang='lat' dir='ltr'><strong>habere</strong></span> <span class='ocrx_word' id='word_1_323' title='bbox 515 3285 622 3361; x_wconf 87' lang='lat' dir='ltr'><strong>dicant,</strong></span> <span class='ocrx_word' id='word_1_324' title='bbox 640 3293 797 3364; x_wconf 85' lang='lat' dir='ltr'><strong>auctorque</strong></span> <span class='ocrx_word' id='word_1_325' title='bbox 810 3295 854 3346; x_wconf 84' lang='lat' dir='ltr'><strong>ert</strong></span> <span class='ocrx_word' id='word_1_326' title='bbox 866 3285 1081 3365; x_wconf 81' lang='lat' dir='ltr'><strong>Theophrastus</strong></span> <span class='ocrx_word' id='word_1_327' title='bbox 1092 3305 1171 3348; x_wconf 91' lang='lat' dir='ltr'><strong>mur·</strong></span> 
     </span>
     <span class='ocr_line' id='line_1_38' title="bbox 137 3368 1172 3450; baseline -0.002 -16"><span class='ocrx_word' id='word_1_328' title='bbox 137 3379 225 3434; x_wconf 70' lang='lat' dir='ltr'><strong>littra</strong></span> <span class='ocrx_word' id='word_1_329' title='bbox 241 3378 302 3430; x_wconf 87' lang='lat' dir='ltr'><strong>sata</strong></span> <span class='ocrx_word' id='word_1_330' title='bbox 319 3378 421 3429; x_wconf 87' lang='lat' dir='ltr'><strong>natum.</strong></span> <span class='ocrx_word' id='word_1_331' title='bbox 452 3368 671 3448; x_wconf 85' lang='lat' dir='ltr'><strong>llipposelinum</strong></span> <span class='ocrx_word' id='word_1_332' title='bbox 689 3379 805 3430; x_wconf 87' lang='lat' dir='ltr'><strong>veteres</strong></span> <span class='ocrx_word' id='word_1_333' title='bbox 821 3379 1032 3450; x_wconf 86' lang='lat' dir='ltr'><strong>praeceperant</strong></span> <span class='ocrx_word' id='word_1_334' title='bbox 1047 3373 1076 3429; x_wconf 94' lang='lat' dir='ltr'><strong>in</strong></span> <span class='ocrx_word' id='word_1_335' title='bbox 1093 3371 1172 3432; x_wconf 87' lang='lat' dir='ltr'><strong>locis</strong></span> 
     </span>
     <span class='ocr_line' id='line_1_39' title="bbox 178 3452 1172 3533; baseline 0.006 -21"><span class='ocrx_word' id='word_1_336' title='bbox 178 3453 307 3529; x_wconf 89' lang='lat' dir='ltr'><strong>incultis,</strong></span> <span class='ocrx_word' id='word_1_337' title='bbox 331 3452 470 3532; x_wconf 88' lang='lat' dir='ltr'><strong>lapidosis</strong></span> <span class='ocrx_word' id='word_1_338' title='bbox 492 3455 568 3514; x_wconf 81' lang='lat' dir='ltr'><strong>iuxta</strong></span> <span class='ocrx_word' id='word_1_339' title='bbox 589 3453 742 3514; x_wconf 85' lang='lat' dir='ltr'><strong>maceriam</strong></span> <span class='ocrx_word' id='word_1_340' title='bbox 761 3455 828 3514; x_wconf 85' lang='lat' dir='ltr'><strong>seri.</strong></span> <span class='ocrx_word' id='word_1_341' title='bbox 858 3472 932 3515; x_wconf 88' lang='lat' dir='ltr'><strong>nunc</strong></span> <span class='ocrx_word' id='word_1_342' title='bbox 948 3463 977 3515; x_wconf 88' lang='lat' dir='ltr'><strong>et</strong></span> <span class='ocrx_word' id='word_1_343' title='bbox 990 3456 1172 3533; x_wconf 88' lang='lat' dir='ltr'><strong>repastinato</strong></span> 
     </span>
    </p>
   </div>
   <div class='ocr_carea' id='block_1_3' title="bbox 0 0 1280 3866">
    <p class='ocr_par' dir='ltr' id='par_1_3' title="bbox 0 0 1280 3866">
     <span class='ocr_line' id='line_1_40' title="bbox 0 0 1280 3866; baseline 0 1"><span class='ocrx_word' id='word_1_344' title='bbox 0 0 1280 3866; x_wconf 95' lang='lat' dir='ltr'><strong> </strong></span> 
     </span>
    </p>
   </div>
  </div>
 </body>
</html>
