2552 3866
155 175 214 238 156
509 186 538 234 c.
552 186 649 234 amru
664 185 815 290 suenum]
894 200 896 204 ·

151 345 229 405 vitae
244 352 337 422 parte,
354 341 469 422 quodve
480 340 647 401 miraculum
658 341 756 418 malua,
756 283 889 402 herbam
901 359 967 401 csse
979 359 1054 420 quae
1065 341 1162 402 admo·
1260 364 1263 401 t

152 437 219 487 reat
236 428 402 506 Aegyptum
416 425 547 486 ltaliae
538 443 567 484 m
588 432 693 484 tantum
714 434 743 484 ut
758 425 890 486 Galerius
911 443 927 486 a
949 425 1025 485 ireto
1044 426 1188 486 Siciliae

153 511 358 572 Alexandriam
380 519 510 590 septumo
533 507 579 567 die
597 510 779 588 pervenerit,
797 509 937 570 balbillus
958 520 1057 588 sexto,
1077 509 1163 570 arnbo

152 595 300 676 praefecti,
316 604 426 656 aestate
440 609 512 654 vero
532 609 670 670 proxuma
685 595 820 654 Valerius
836 593 980 654 llarianus
994 613 1033 654 ex
1046 603 1161 673 praeto·

93 695 96 703 ’
120 681 201 743 ariis
217 679 400 740 senatoribus
421 676 580 740 al’uteolis
601 693 678 737 nono
699 677 745 737 die
766 678 913 738 lenissimo
930 675 1020 747 ilatu‘l
1045 677 1186 738 berbama
1259 706 1263 716 «

152 779 219 823 esse
241 782 337 844 quae
334 763 424 824 Gadis
447 761 482 822 ad
505 760 639 820 Herculis
661 761 809 821 columnas
831 771 964 862 septumo
989 763 1034 823 dic
1055 761 1163 824 Ostiam
1263 727 1270 841 l

152 848 264 909 adierat
278 857 306 908 et
321 849 485 908 citeriorem
500 842 665 924 Hispaniam
675 854 787 924 quarto,
803 847 982 926 provinciam
993 847 1161 928 Narbonem

152 949 213 994 sem
229 933 325 1008 tertio,
342 931 470 991 Africam
487 929 589 1007 altero,
606 929 781 1009 quodetiam
796 931 965 992 mollissimo
983 931 1052 992 ilatu
1072 920 1162 992 conti·

64 1049 66 1057 ν
151 1015 242 1096 gitG
256 1015 357 1076 Flavio
373 1014 470 1090 legato
488 1013 556 1074 Vibi
576 1012 672 1094 Crispi
690 1013 894 1096 proconsulis?
911 1015 1003 1076 audax
1016 1018 1081 1092 vita,
1097 1032 1160 1075 sce·

150 1037 241 1162 lerum
263 1100 363 1177 plena,
383 1097 491 1176 aliquid
512 1101 572 1159 seri
591 1109 623 1158 ut
639 1107 744 1160 ventos
763 1099 949 1179 procellasve
974 1101 1111 1178 recipiat,
1131 1105 1216 1157 etro

119 1197 135 1248 5
152 1201 251 1264 parum
264 1200 330 1242 esso
347 1182 480 1242 ductibus
495 1183 567 1243 solis
583 1182 663 1260 vehi,
678 1184 734 1243 iam
751 1202 823 1244 vero
841 1203 898 1244 nec
916 1184 983 1244 vela
1003 1185 1073 1244 satis
1093 1199 1162 1242 esso

149 1269 257 1330 maiora
272 1268 405 1344 navigiis,
421 1266 483 1343 sed,
500 1269 628 1344 quamvis
643 1265 699 1326 oie
711 1267 884 1345 amplitudini
896 1277 1089 1327 antemnarum
1104 1269 1161 1342 sin·

150 1351 237 1430 gulae
252 1349 375 1411 arbores
391 1351 549 1425 sufficiant,
571 1367 660 1426 super
678 1363 728 1410 eas
751 1359 845 1409 tamen
866 1349 931 1408 addi
951 1349 1083 1409 velorum
1105 1334 1161 1410 alia

149 1434 216 1495 vela
233 1445 408 1516 praeterque
421 1436 450 1494 in
470 1435 566 1514 proris
589 1441 618 1492 et
642 1432 732 1492 alia
724 1453 752 1492 m
773 1432 918 1512 puppibus
938 1432 1040 1512 pandi,
1061 1450 1096 1492 ac
1116 1441 1162 1491 tot

150 1519 243 1579 modis
260 1521 416 1599 provocari
437 1526 567 1578 mortem.
604 1516 727 1614 denique
753 1525 809 1576 tam
830 1534 922 1596 parvo
946 1517 1056 1576 semine
1078 1515 1197 1576 uastius

151 1603 230 1683 quod
250 1603 350 1664 orbem
368 1613 508 1664 terrarum
530 1602 605 1662 ultro
629 1601 702 1662 citro
724 1609 838 1680 portet,
854 1611 911 1661 tam
931 1600 1033 1678 gracili
1054 1618 1160 1676 avena,

151 1697 207 1748 tam
223 1704 280 1748 ιιιιιι
295 1687 353 1748 alte
369 1707 385 1748 a
401 1687 507 1747 tellure
522 1686 600 1762 tolli,
623 1703 721 1763 neque
734 1685 763 1746 id
780 1685 889 1746 viribus
913 1687 971 1745 suis
992 1687 1085 1762 necti,
1107 1683 1161 1744 sed

50 1790 58 1801 ²
151 1772 272 1832 fractum
289 1783 458 1850 tunsumque
473 1780 503 1831 et
517 1772 546 1830 iu
558 1770 706 1830 mollitiem
725 1767 808 1830 lanae
830 1778 970 1832 coactum.
1002 1771 1103 1831 iniuria
1124 1786 1160 1828 ac

122 1864 139 1919 6
154 1875 261 1916 summa
275 1856 393 1916 audacia
408 1864 452 1914 est
464 1855 498 1891 ⁸³*
513 1854 675 1934 pervenire.
709 1853 785 1914 nulla
798 1855 961 1915 exsecratio
974 1853 1079 1913 suidcit
1091 1869 1158 1913 con·

111 1961 129 2000 ⁷
135 1957 170 1993 ιιι
180 1951 223 2000 ιιι
234 1941 412 2001 inventorem
429 1938 533 1999 dietum
548 1957 601 2001 suo
614 1937 681 2000 loco
693 1955 710 2000 a
723 1938 818 2016 nobis,
832 1941 877 1998 cui
888 1939 958 2000 satis
970 1955 1027 1998 non
1038 1938 1091 1998 iuit
1106 1937 1156 1996 ho·
1166 1953 1194 1994 ao
1271 1975 1272 2016 ι

84 2048 88 2053 ’
151 2025 253 2081 minem
275 2023 304 2080 in
330 2029 407 2082 terra
424 2023 514 2099 mori,
534 2023 588 2081 nisi
610 2023 718 2100 periret
737 2030 765 2081 et
784 2023 954 2100 insepultus.
983 2031 1012 2082 at
1028 2041 1081 2082 nos
1101 2022 1157 2100 pri·

109 2104 335 2190 1ἰξΜιιιιιιιιο
356 2105 455 2167 imbris
470 2115 499 2166 et
512 2105 595 2166 llatus
614 2105 759 2166 cavendos
776 2106 889 2184 irugum
906 2125 992 2166 causa
1008 2107 1158 2184 victusque
1271 2149 1272 2166 ι

130 2153 436 2267 'lpraemonebamum
436 2209 508 2250 ecce
524 2193 632 2249 seritur
638 2190 761 2250 bominis
776 2208 873 2267 mauu,
897 2191 1012 2249 metitur
1029 2188 1158 2248 eiusdem

152 2271 302 2333 hominis
293 2275 410 2351 mgenio
435 2273 512 2353 quod
530 2283 635 2334 ventos
655 2274 683 2331 in
706 2273 777 2332 mari
804 2284 894 2354 optet.
929 2282 1099 2352 praeterea,
1128 2281 1159 2332 ut

152 2360 274 2418 sciamus
291 2357 399 2418 lavisse
414 2375 545 2437 poenas,
567 2356 636 2416 nihil
656 2357 785 2432 gignitur
803 2357 931 2434 facilius,
954 2367 983 2416 ut
1003 2359 1193 2418 sentiamusas

151 2441 284 2580 nolerpte
287 2439 316 2500 id
337 2442 400 2500 lieri
415 2448 529 2518 natura,
546 2442 602 2500 urit
617 2457 716 2516 agrum
737 2439 971 2521 deterioremque
993 2443 1078 2501 etiam
1100 2450 1158 2501 ter·

151 2541 212 2582 ram
240 2523 306 2582 aoit

120 2614 136 2670 7
215 2603 327 2684 (lapi.
346 2607 382 2688 (2
385 2607 473 2686 )[ι]
501 2607 612 2668 Seritur
627 2605 771 2667 sabulosis
787 2625 917 2667 maxume
932 2624 1047 2687 unoque
1063 2608 1158 2686 sulco,

151 2707 208 2749 neo
222 2692 315 2767 magis
328 2690 443 2751 festinat
460 2691 545 2752 aliud.
579 2709 650 2751 vere
663 2700 754 2751 satum
764 2699 874 2751 aestate
888 2691 1019 2770 vellitur,
1036 2701 1066 2752 et
1083 2690 1157 2752 banc

152 2790 267 2852 quoque
283 2779 403 2835 terrae
395 2777 524 2837 iniuriam
542 2775 620 2835 iacit.
653 2778 787 2853 ignoscat
799 2775 1005 2854 tameualiquis
1016 2776 1193 2853 Aegyptoao

151 2858 258 2917 serenti
275 2867 305 2918 ut
321 2858 447 2920 Arabiae
468 2860 623 2940 lpdiaeque
644 2862 749 2920 merois
772 2861 908 2937 inportet.
944 2861 1021 2920 itane
1040 2869 1070 2918 et
1091 2859 1156 2920 Gal·

49 2966 52 2971 ·
150 2940 208 3020 liae
222 2951 375 3002 censentur
389 2943 445 3002 boc
460 2939 573 3004 reditui
587 2944 747 3021 montisque
763 2944 834 3001 mari
851 2945 1005 3021 oppositos
1017 2957 1084 3003 esse
1097 2959 1156 3003 uon

151 3033 196 3084 est
213 3027 281 3086 satis
298 3035 327 3086 et
342 3045 358 3099 a
373 3028 464 3087 latere
480 3027 582 3087 oceani
595 3026 713 3087 obstare
730 3027 823 3103 ipsum
838 3026 916 3104 quod
930 3036 1038 3086 vocant
1050 3024 1157 3088 inane?
1271 3083 1272 3106 ι

119 3105 285 3186 &Cadurci
301 3109 410 3186 caleti,
426 3111 544 3186 Ruteni,
562 3109 708 3187 bituriges
727 3109 875 3189 ultimique
895 3109 1038 3170 hominum
1058 3111 1155 3172 existi·
1264 3100 1267 3116 '

150 3191 216 3252 mati
234 3191 355 3271 llorini,
377 3197 461 3256 immo
477 3211 549 3254 vero
565 3193 673 3254 Galliae
695 3195 848 3254 universae
870 3193 937 3254 vela
959 3202 1073 3272 texunt,
1100 3197 1189 3255 iamas

152 3274 264 3352 quidem
278 3287 308 3338 et
318 3279 515 3339 transrhenani
529 3277 640 3354 hostes,
653 3293 707 3336 neo
725 3277 919 3356 pulchriorem
940 3278 1024 3339 aliam
1044 3286 1154 3338 restem
1202 3331 1207 3340 .

151 3374 250 3418 eorum
269 3361 393 3422 feminae
413 3379 532 3423 novere.
560 3379 615 3441 qua
635 3360 827 3420 admonitione
855 3363 997 3421 succurrit
1017 3361 1093 3440 quod
1115 3360 1153 3421 ιι.

110 3483 114 3490 ,
149 3441 245 3502 Varro
260 3444 360 3523 tradit,
374 3447 403 3504 in
418 3448 605 3506 Serranorum
622 3444 728 3505 familia
748 3445 925 3522 gentilicium
944 3463 1012 3504 esse
1033 3446 1155 3506 feminas
