2552 3866
292 247 372 294 unu.
393 246 484 295 mnan.
502 247 615 294 xvnn.
631 245 715 298 3—4.
734 237 886 317 (lo-19.)
1028 239 1092 303 163,

94 401 216 462 eunriodi
235 401 349 460 solitum
364 402 529 480 prodidere,
545 421 601 462 nac
615 403 732 481 purgari
744 420 862 480 pecora,
878 403 930 464 sed
941 422 1031 482 aegra
1044 425 1087 468 sa·

92 489 152 546 nari
169 493 215 546 aut
231 486 362 564 protinus
376 488 460 562 mori,
477 487 554 565 qnod
568 487 597 546 in
611 488 712 565 paucis
727 486 872 546 accidere.
904 488 1023 549 Persico
1041 491 1089 550 sil·

92 569 159 649 phio
176 570 256 648 prior
273 569 370 647 opinio
388 573 531 647 congruit.

60 723 64 730 v
154 652 237 730 (16.)
260 652 391 712 Alterum
413 671 506 730 genus
527 655 588 714 eius
613 661 659 713 est
680 654 756 732 quod
776 654 941 731 magydaris
960 663 1131 734 pacatumue

69 737 217 796 arenarius
235 746 266 795 et
277 737 369 796 minus
389 737 559 814 uehemens,
582 739 645 797 sine
665 753 753 815 suco,
775 737 853 815 quod
876 740 953 798 circa
977 738 1088 812 Syriam

91 821 233 896 nascitur,
254 837 311 879 non
333 823 508 898 proveniens
528 822 557 880 in
573 819 734 896 Cyrenaica
753 822 886 898 regione.
917 822 1045 899 gignitur
1060 830 1089 882 et

90 905 118 962 in
133 904 259 963 Parnaso
274 913 371 963 monte
392 905 542 985 copiosurn
563 904 730 983 quibusdam
749 905 934 986 laserpicium
956 907 1084 965 uocanti-

89 988 159 1063 hus,
174 1005 228 1066 per
243 1005 316 1066 quae
334 989 428 1048 omnia
442 988 618 1049 adulteratur
631 990 675 1048 rei
689 987 894 1048 saluberrimae
908 988 1086 1048 utilissimae·

91 1089 147 1150 que
163 1073 327 1131 auctoritas.
354 1070 488 1151 probatio
505 1073 611 1131 sinceri
628 1074 716 1151 prima
730 1073 760 1130 in
776 1071 877 1130 colore
891 1071 1004 1130 modice
1019 1073 1085 1132 rufo

56 1173 79 1214 to
91 1165 133 1231 et,
157 1171 220 1214 eurn
234 1155 394 1232 frangatur,
415 1155 536 1218 candido
552 1156 640 1232 intus,
657 1173 725 1216 mcx
740 1155 899 1214 tralucente
915 1163 996 1231 guda
1012 1172 1085 1233 quae

90 1257 162 1317 aqua
181 1239 330 1317 salivaque
344 1239 496 1317 liquescat.
529 1241 637 1300 neusin
651 1238 745 1298 multis
758 1235 1002 1298 medicaminibus.

151 1321 236 1401 (17.)
260 1322 330 1381 Sunt
346 1324 496 1383 etiamnum
517 1321 574 1383 duo
595 1338 705 1399 genera
725 1336 782 1378 nen
803 1319 857 1378 nisi
878 1320 996 1381 sordido
1013 1329 1126 1386 mouit

90 1407 188 1484 volgo,
205 1425 268 1466 curn
285 1415 405 1484 quaestu
416 1407 532 1466 multum
548 1405 685 1486 polleant.
709 1403 738 1462 in
749 1404 847 1481 primis
859 1403 940 1464 ruhia
953 1406 1084 1481 tinguen-

89 1490 131 1549 dis
148 1491 220 1550 lanis
235 1499 264 1550 et
283 1491 370 1550 coriis
385 1490 563 1550 necessaria.
591 1486 783 1548 laudatissima
795 1486 898 1548 Italica
913 1497 942 1548 et
953 1505 1084 1558 maxume

56 1573 266 1649 neuburhana,
290 1584 318 1633 et
333 1592 439 1653 ,omnes
459 1591 551 1650 paene
575 1571 742 1649 provinciae
763 1579 875 1630 scatent
899 1589 944 1631 ea.
980 1581 1084 1650 sponte

88 1658 222 1736 provenit
242 1658 402 1735 seriturque
423 1653 603 1716 similitudine
623 1652 758 1728 erviliae,
781 1669 880 1712 uerum
902 1655 1037 1732 spinosus
1057 1656 1084 1714 ei
1195 1719 1198 1730 ,
1267 1723 1268 1754 1

89 1740 187 1802 caulis.
221 1739 401 1816 geniculatus
413 1738 460 1797 hic
474 1746 519 1794 est
533 1737 626 1814 quinis
643 1737 720 1796 cirea
733 1735 872 1795 aniculos
892 1738 921 1795 in
942 1737 1014 1796 orhe
1038 1737 1082 1796 io·

87 1825 142 1885 liis.
170 1841 268 1883 semen
290 1823 352 1882 eius
371 1819 497 1880 rubnun
518 1827 572 1878 est.
605 1819 686 1880 rubia
707 1833 780 1897 quos
803 1821 831 1878 in
846 1819 986 1880 medicina
1014 1837 1083 1881 usus

88 1907 192 1969 haheat
209 1906 334 1967 dicemus
350 1922 400 1964 suo
415 1902 492 1961 loco.
1065 1920 1124 1966 seu

53 2007 78 2046 aa
150 1990 234 2070 (18.)
258 1990 296 2048 At
311 2001 383 2068 quse
397 1993 517 2045 vocatur
531 1985 659 2046 radicula
674 1985 803 2046 lavandis
817 1986 929 2047 demum
948 1987 1021 2048 lanis
1036 1997 1124 2054 saule

89 2095 151 2136 cunr
165 2074 268 2150 hahet,
290 2073 386 2131 ninum
408 2078 541 2146 quantum
563 2067 717 2128 conferens
738 2069 855 2136 candori
875 2071 1081 2151 mollitiaeque.

88 2162 215 2220 nascitur
229 2159 318 2216 sativa
338 2151 461 2230 ubique,
484 2151 536 2212 sed
557 2160 662 2231 sponte
678 2154 835 2231 praecipua
855 2152 970 2214 inhsia
985 2157 1080 2229 Syria·

90 2261 154 2321 que,
171 2237 281 2302 saxosis
296 2245 325 2295 et
340 2237 451 2314 asperis
467 2235 551 2312 loeis,
571 2246 649 2295 trans
659 2233 828 2314 Euphraten
842 2245 936 2296 tamen
948 2237 1080 2297 laudatis·

89 2330 167 2398 sima,
183 2322 264 2383 caule
278 2319 441 2398 ferulaceo,
457 2322 535 2379 tenui
551 2329 580 2380 et
595 2321 673 2398 ipso,
688 2318 759 2378 cibis
776 2318 973 2395 indigenarum
989 2337 1079 2398 expe·

53 2426 77 2466 aa
88 2414 141 2471 tito
151 2415 179 2464 et
191 2405 353 2481 unguentis,
367 2402 502 2482 quidquid
514 2406 549 2462 sit
562 2420 625 2463 curn
637 2420 694 2481 quo
704 2401 893 2480 decoquatur,
905 2403 976 2463 lolio
986 2403 1080 2464 oleae.

86 2488 226 2550 struthion
241 2487 472 2548 Graeci-vocant.
496 2486 581 2546 lloret
595 2495 714 2563 aestate,
726 2495 807 2562 grata
821 2485 970 2564 adspectu,
981 2504 1081 2547 verum

85 2576 148 2634 sine
162 2570 264 2646 odore,
283 2573 421 2650 spinosae
437 2569 519 2629 caule
536 2570 688 2647 lanuginis.
715 2585 813 2628 semen
829 2571 856 2629 ei
868 2570 985 2647 nullum,
999 2569 1081 2631 radix

84 2673 199 2734 magna,
216 2671 288 2733 quae
304 2653 462 2715 conciditur
476 2652 511 2712 ad
527 2670 610 2731 quem
627 2653 731 2713 dictum
747 2661 792 2712 est
805 2670 894 2712 usurn.

149 2741 178 2799 4.
201 2736 284 2816 (19.)
309 2739 349 2815 [1]
374 2736 420 2798 Ab
437 2734 482 2797 his
501 2746 635 2813 superest
652 2737 760 2794 reverti
772 2735 807 2796 ad
821 2735 969 2796 hortorum
984 2745 1124 2800 caramttt
1212 2787 1215 2800 .

49 2835 114 2886 acet
137 2830 239 2900 suapte
259 2819 357 2880 natura
378 2818 602 2894 memorandam,
630 2827 659 2878 et
680 2821 812 2896 quoniam
835 2820 988 2897 antiquitas
1012 2819 1080 2878 nihil

84 2910 164 2988 prius
180 2906 279 2965 mirata
294 2913 339 2963 est
354 2922 437 2981 quarn
451 2901 640 2982 Hesperidum
654 2902 754 2962 hortos
766 2920 801 2962 ae
815 2919 915 2979 regum
926 2901 1039 2964 Adonis
1053 2910 1081 2961 et

84 2990 215 3065 Alcinoi,
232 2991 357 3066 itemque
373 2988 508 3065 pensilis,
526 2987 587 3046 sire
602 2985 670 3046 ilios
683 2987 846 3046 Semiramis
862 2987 924 3045 sive
940 2986 1081 3060 Assyriae

84 3094 139 3135 rex
151 3075 239 3148 Syrus
255 3073 336 3148 iecit,
352 3069 389 3131 de
401 3087 520 3147 quorum
532 3087 622 3149 opere
638 3069 695 3129 alio
705 3069 849 3128 volumine
859 3069 995 3129 dicemus.
1022 3069 1123 3130 iloto

85 3160 159 3218 mani
176 3155 289 3236 quidem
303 3172 392 3233 rages
407 3155 463 3231 ipsi
479 3153 606 3214 coluere.
637 3155 743 3232 quippe
756 3153 840 3211 etiam
852 3152 1000 3232 Superbus
1011 3169 1078 3211 nun·

51 3259 75 3300 aa
85 3246 154 3303 tium
170 3241 249 3300 illum
263 3256 381 3298 saevom
396 3245 482 3314 atque
499 3238 709 3314 sanguinarium
723 3236 782 3296 lilio
799 3236 907 3296 remisit
927 3255 965 3296 ex
984 3234 1078 3296 horto.

85 3328 114 3386 in
125 3319 181 3386 ’ΧΗ
195 3322 299 3384 tabulis
313 3321 409 3398 legum
425 3328 584 3380 nostrarum
596 3337 731 3398 nusquam
740 3321 900 3380 nominatur
911 3320 990 3394 villa,
1007 3337 1078 3378 sem·

86 3428 141 3490 per
157 3411 185 3469 in
203 3406 411 3484 significatione
432 3423 465 3464 ea
482 3402 625 3480 hortus,
646 3405 675 3463 in
694 3402 768 3463 horti
790 3419 861 3462 vero
875 3403 1080 3477 heredium,

86 3511 170 3574 quarn
185 3492 222 3552 ob
237 3507 298 3550 rem
317 3488 448 3548 comitata
470 3495 514 3547 est
534 3496 563 3546 et
584 3487 688 3564 religio
710 3485 870 3631 quaedami
878 3486 1030 3630 1hprtoque
1051 3493 1080 3545 et
