2534 3866
161 213 437 263 uun.u1su.„xv1.
459 211 665 268 ot-xvr1.1.
689 202 775 286 (xv1.
787 215 946 270 ot-xvn.
967 208 1008 287 1.)
1040 207 1081 268 45

154 369 239 447 (95.)
261 366 327 430 Non
339 378 385 430 ost
396 369 553 430 omittenda
569 369 597 428 iu
613 369 668 430 loo
679 387 711 429 re
728 378 758 430 et
774 369 926 432 Galliarum
941 374 1059 434 admira·
1071 382 1124 438 att

96 455 145 514 tio.
172 453 243 514 nihil
262 452 370 513 habeut
390 453 517 513 Druidae
536 487 579 502 *-
601 454 639 513 ita
660 469 730 513 suos
751 455 901 531 appellant
925 473 1025 534 magos
1039 491 1081 502 -·-

19 569 21 606 ι
96 539 176 598 visoo
194 545 224 595 et
244 536 351 598 arbore
363 538 391 596 iu
405 555 460 616 qua
475 538 618 614 gignatur,
630 537 656 596 si
668 536 753 596 modo
769 539 806 596 sit
820 537 918 615 robur,
930 542 1079 600 sacratius.

95 625 149 681 iarn
163 638 217 698 per
231 637 265 679 se
275 619 416 682 roborum
431 621 540 698 eligunt
554 620 648 694 lotos,
665 637 721 679 neo
734 620 793 680 ulla
807 639 892 682 saera
907 624 969 682 siue
985 641 1081 684 earum

73 704 197 768 sironde
219 703 389 780 ooolioiunt‚
412 713 442 764 ut
462 703 529 764 inde
549 703 689 782 appellati
709 721 825 782 quoque
845 706 1082 784 interpretatione

19 801 20 840 ὲ
97 787 207 850 Graeco
227 788 340 864 possint
358 785 609 858 Druidaevitleri.
628 787 791 858 enimuero
819 789 964 868 quidquirl,
976 790 1081 866 adgna-

97 879 193 932 soatur
207 870 264 930 illis
280 888 297 929 e
313 871 397 932 eaelo
412 871 528 930 missum
542 879 643 948 putant
656 872 824 950 signumque
837 889 905 932 esse
918 872 1032 932 eleotae
1046 873 1082 932 ab

95 957 159 1034 ipso
174 954 231 1014 deo
247 953 368 1015 arboris.
397 961 552 1014 astantem
572 953 600 1013 id
619 971 713 1014 rarum
731 953 883 1016 admodum
897 957 1012 1016 inventu
1030 966 1059 1016 ot
1071 965 1125 1019 250

95 1047 240 1118 repertum
253 1055 356 1114 magua
371 1038 514 1114 religione
529 1038 635 1115 petitur
651 1046 682 1098 er
699 1046 764 1097 ante
785 1039 879 1098 omnia
899 1049 981 1124 sexta
1003 1039 1079 1116 luna,

18 1073 20 1218 ι
67 1139 172 1202 uoquae
187 1121 329 1200 principia
343 1139 472 1182 aramum
486 1137 679 1198 annorumque
694 1121 737 1182 lu's
751 1121 830 1196 inuit,
843 1130 873 1182 et
890 1123 1000 1182 saeculi
1015 1132 1082 1202 post

95 1207 268 1266 tricesimum
289 1223 409 1281 annum,
430 1204 498 1282 quia
521 1205 576 1264 iam
595 1203 695 1266 uirium
719 1203 831 1266 abunde
846 1205 952 1266 habeat
967 1225 1023 1267 neo
1044 1209 1082 1267 sit

96 1291 138 1350 sui
154 1289 276 1350 dimidia.
309 1290 402 1351 omnia
416 1296 565 1350 sonantem
584 1287 768 1366 appellantes
781 1306 833 1348 suo
854 1289 1014 1367 vocabulo,
1035 1307 1080 1350 oa-

96 1373 205 1434 orilioio
219 1371 370 1451 epulisque
390 1373 446 1432 rite
460 1371 512 1432 sub
533 1370 639 1432 arbore
662 1373 824 1450 oooporatis
840 1373 914 1433 duos
930 1374 1081 1434 admoveat

97 1456 209 1518 candidi
226 1456 333 1518 ooloris
350 1464 447 1519 tauros
470 1471 590 1534 quornm
610 1473 718 1515 eornua
741 1463 799 1517 tum
818 1458 937 1535 pomum
955 1459 1081 1518 vinnian-

67 1551 148 1601 utur.
183 1539 323 1609 oaoartlos
338 1538 458 1602 oaotlitlu
471 1548 555 1602 veste
575 1539 669 1598 tultus
683 1538 817 1600 arborem
833 1541 959 1614 retudit,
982 1541 1059 1602 ialoe
1070 1551 1121 1606 251

96 1641 181 1684 aurea
203 1623 336 1699 demetit,
362 1623 482 1686 candido
503 1623 531 1683 iul
548 1621 697 1699 ,enoipitur
716 1638 800 1698 sago.
837 1630 895 1682 tum
914 1623 1019 1684 deinde
1038 1627 1079 1683 vi·

18 1769 20 1792 ‚
96 1707 196 1768 otinas
221 1706 357 1768 inmolant
378 1715 550 1784 prorantes,
576 1720 658 1766 sauro
678 1704 783 1764 Quam
812 1705 881 1764 deus
910 1723 1081 1784 prosperum

18 1865 19 1872 ἵ
95 1791 182 1850 laniat
196 1790 241 1850 his
255 1789 359 1867 quibus
374 1789 495 1850 dederit.
526 1787 729 1852 ieouutlitatem
743 1804 779 1846 eo
794 1797 862 1866 poto
881 1787 942 1848 ilari
958 1789 1079 1848 ouiourn·

18 1873 19 1916 i
96 1891 151 1952 que
168 1873 327 1934 animalium
342 1871 434 1934 sterili
453 1870 644 1948 arbitrantur,
660 1878 758 1932 eontra
773 1889 884 1932 venena
905 1889 972 1930 esse
986 1876 1080 1932 onnia

17 1987 19 2000 ι
65 1956 234 2017 reremedio.
276 1963 353 2018 tauta
379 1957 505 2034 gentium
525 1957 553 2018 iu
574 1955 662 2016 rebus
685 1954 797 2016 irirolis
820 1955 989 2035 plerumque
1013 1956 1079 2017 reli·

17 2011 20 2166 μ
95 2043 142 2117 gio
157 2050 211 2102 est.

508 2215 707 2224 ...η-ρ*-

345 2413 563 2500 tl’ttlt
595 2413 846 2502 sltlltt

195 2573 989 2710 uuruountouuouooruu

428 2755 622 2825 LIBER
655 2753 762 2824 XV'H.

533 2911 673 2924 m...—

17 3043 19 3102 l
160 3037 231 3117 Gap.
246 3039 274 3096 1.·
298 3037 395 3114 (Seot.
412 3037 456 3114 1.)
479 3034 586 3097 Natura
596 3033 728 3096 arborum
739 3044 815 3096 terra
834 3039 961 3114 marique
975 3043 1108 3113 spontel

81 3155 84 3173 ·
100 3139 152 3182 oua
169 3121 397 3199 provenientium
414 3119 488 3178 diota
503 3125 558 3178 est.
593 3125 683 3178 restat
698 3135 794 3178 earum
817 3129 969 3200 quaowte
984 3127 1013 3178 et
1029 3118 1078 3178 lru·

69 3208 189 3268 omanis
202 3205 326 3280 ingeniis
340 3204 408 3264 liunt
423 3204 518 3262 verius
538 3217 621 3279 quam
635 3210 796 3262 naseuntur.
819 3203 870 3263 soti
885 3202 963 3280 prius
983 3203 1080 3263 mirari

100 3289 242 3348 saoourrit
255 3305 310 3364 qua
324 3286 471 3346 retulimus
484 3284 628 3364 -paenuria
648 3301 701 3362 pro
722 3285 843 3346 indiviso
865 3281 1052 3363 possessos'a
1074 3307 1126 3352 nn,

100 3371 181 3445 ieris,
189 3372 373 3450 depugnante
385 3388 448 3430 oum
459 3368 503 3428 luis
516 3369 629 3430 homine
644 3368 720 3430 eirea
732 3368 857 3434 oaduoos
868 3368 987 3443 innotus,
1002 3371 1079 3430 oiroa

17 3497 18 3516 t
100 3456 251 3532 pentomis
269 3469 344 3512 vero
358 3461 389 3512 et
401 3471 463 3514 eum
479 3451 602 3528 alitibus,
617 3454 644 3512 io
656 3461 734 3512 ‘touta
745 3451 909 3514 delitiarum
923 3454 1014 3531 pretio
1029 3471 1078 3513 ve·

17 3605 19 3654 l
