2552 3866
322 214 402 262 ana.
420 213 511 262 msa.
528 213 625 261 xv111.
643 211 688 266 as.
704 200 856 287 (ts—84.)
915 251 919 259 1
1041 209 1100 272 tta

98 367 298 428 denuntiantur
311 375 509 444 tempestates.
540 370 565 427 si
583 368 705 428 volitare
724 367 826 448 plures
845 369 949 432 stellae
962 372 1101 436 ridebun-

93 461 158 534 tur,
181 467 239 530 quo
254 451 385 511 ferentur
400 451 587 512 albescentes
604 461 711 518 reatos
728 469 766 512 ex
786 453 822 515 iis
844 454 974 531 partibus
993 462 1102 520 nanda·

97 535 178 611 bunt,
195 553 251 595 una
266 536 291 595 si
306 534 493 611 cursitabant,
509 545 617 611 certos,
637 537 662 595 si
673 534 702 595 id
716 537 745 595 in
755 536 887 615 pluribus
899 538 1028 617 partibus
1040 542 1100 620 bet,

96 621 285 680 inconstantis
300 627 404 679 tentos
416 627 448 679 et
464 619 599 700 undique,
612 621 637 678 si
651 619 800 680 stellarum
812 624 966 692 errantium
978 622 1101 703 aliquam

73 703 187 764 corbes
202 702 380 778 incluserint,
398 701 507 763 imbris.
537 705 609 764 Sunt
625 703 655 762 in
675 704 759 780 signo
775 706 874 765 cancri
888 706 963 766 duae
980 708 1143 777 steinease

96 785 1100 950 titt?titttitttpiitttiit‘iiitzttibtitt

97 955 241 1033 adparere
260 955 394 1030 desierit,
415 963 499 1015 atrox
519 954 611 1016 biems
634 955 772 1032 seqnitur.
804 957 830 1014 si
854 955 975 1020 alteram
1003 976 1101 1020 earam

69 1031 72 1040 '
97 1038 270 1117 aquiloniam
287 1038 383 1116 caligo
397 1037 525 1115 abstulit,
540 1047 639 1098 auster
654 1039 758 1114 saevit,
775 1040 800 1099 si
812 1041 977 1117 austrinam,
992 1043 1099 1122 aquilo.
1126 1107 1133 1120 ,

61 1135 87 1176 1⁰
96 1124 190 1183 Arcus
210 1139 274 1182 cnm
288 1131 354 1182 sunt
368 1121 512 1200 duplices,
529 1122 643 1201 pluvias
658 1123 795 1200 mundant,
810 1141 828 1183 a
845 1122 948 1202 pluviis
960 1127 1099 1187 serenita-

95 1216 154 1266 tem
168 1223 226 1265 non
243 1205 364 1285 perinde
387 1215 507 1266 certam.
540 1205 666 1266 circulus
686 1204 770 1266 nubis
790 1208 869 1267 circa
888 1207 987 1270 sidera
1004 1209 1100 1288 aliqua

116 1291 230 1354 loriam.

63 1445 65 1452 ,
95 1309 114 1370 p
159 1375 243 1453 (81.)
269 1371 341 1433 dum
357 1382 470 1436 aestate
487 1373 787 1433 vehementiustonuit
802 1375 992 1453 quamiulsit,
1013 1387 1143 1444 aen-354

96 1467 142 1518 tos
167 1475 205 1517 ex
229 1474 264 1518 ea
282 1469 364 1536 parte
389 1458 551 1532 denuntiat,
570 1465 669 1518 oontm
690 1458 822 1517 siminus
842 1459 950 1539 tonuit,
969 1459 1097 1521 imbrem.

62 1554 284 1604 1⁵camscrent
299 1543 384 1604 caelo
399 1542 502 1621 fulget,
514 1542 630 1621 pluviae
643 1550 726 1600 erant
743 1551 773 1600 et
779 1543 918 1618 tonitrua,
934 1553 983 1604 ant
993 1544 1099 1605 hiema-

95 1625 148 1700 bit,
161 1626 343 1686 atrocissime
352 1635 458 1702 antem,
472 1643 535 1686 cnm
548 1641 585 1684 ex
597 1623 874 1702 omnibusquattuor
884 1625 1012 1703 partibus
1024 1629 1099 1688 caeli

95 1707 264 1786 iulgnrabit.
284 1726 357 1792 jcum
372 1708 409 1768 ab
427 1709 562 1786 aquilone
573 1717 690 1786 antam,
706 1709 894 1784 inposterum
909 1709 983 1768 diem
997 1727 1099 1789 aquam

5 1865 10 1874 ,
95 1791 263 1873 portendat,
282 1809 345 1852 oum
361 1809 378 1852 a
395 1793 602 1870 septentrione,
620 1800 736 1851 ventum
751 1807 825 1850 eum.
860 1809 923 1852 cnm
944 1791 980 1851 ab
1002 1803 1098 1852 austro

96 1877 146 1937 tei
161 1892 235 1938 coro
252 1883 300 1936 out
317 1875 433 1938 favonio
451 1885 536 1936 nome
557 1893 661 1936 serena
677 1875 847 1952 inipumbit,
864 1883 980 1941 renmm
1002 1885 1031 1936 et
1047 1877 1097 1936 im-

62 1979 88 2021 no
99 1961 180 2021 brem
197 1977 235 2019 ex
248 1960 357 2022 ,iisdem
373 1959 543 2038 regionibus
567 1959 782 2020 demonstrabit.
818 1961 941 2021 tonitrua
963 1961 1099 2020 matutina

96 2053 211 2106 ventum
226 2042 398 2122 significant,
413 2045 533 2104 imbrem
547 2043 712 2103 meridiana.

160 2127 244 2208 (82.)
266 2126 367 2188 Nabar
384 2145 447 2187 cum
462 2126 567 2188 sereno
585 2128 613 2185 in
627 2127 738 2186 caelum
751 2125 895 2206 feruntur,
913 2145 929 2186 a
945 2137 1138 2206 quacum-*355

97 2231 155 2292 quc
177 2221 262 2291 parte
285 2211 314 2272 id
330 2211 382 2271 det
401 2213 479 2272 renti
500 2219 717 2290 exspectentur.
748 2211 772 2270 si
794 2209 897 2270 eodem
912 2209 980 2268 loco
995 2210 1096 2288 piaba-
1184 2243 1190 2250 ·

98 2297 211 2375 buntur,
226 2296 550 2376 adpropinquanteque
565 2294 622 2355 soli
636 2294 835 2368 discutientur,
853 2302 883 2352 et
899 2293 957 2356 boo
971 2292 1097 2370 abequi-
1134 2307 1136 2312 ·

63 2401 89 2442 as
99 2381 167 2440 lene
183 2379 243 2456 bet,
254 2388 374 2458 sentos,
390 2381 415 2438 si
429 2379 468 2440 ab
484 2388 598 2455 anemo,
610 2377 709 2438 imbris
723 2376 904 2456 portenderit.
933 2376 997 2437 sole
1019 2377 1097 2435 occi·

97 2465 184 2525 dente
202 2465 227 2524 si
245 2482 283 2523 ex
303 2472 423 2542 utraque
443 2471 535 2542 parte·
547 2464 609 2524 eius
631 2462 742 2522 caelum
762 2468 877 2540 petent,
898 2467 1098 2540 tempestatem

99 2545 310 2626 significabunt.
338 2547 538 2614 vehementius
551 2556 633 2607 atrae
647 2545 683 2606 ab
698 2545 811 2606 orieate
824 2545 854 2604 in
869 2553 984 2606 nocoem
995 2559 1098 2622 aquam

98 2633 251 2706 minantur,
265 2631 301 2691 ab
313 2631 467 2692 occidente
481 2632 511 2689 in
527 2639 674 2708 posteram
687 2629 771 2691 diem
788 2629 814 2688 si
825 2627 917 2709 nabes
929 2637 959 2688 ut
969 2627 1140 2690 reiterabit

98 2718 183 2777 lanae
198 2724 370 2793 spargentur
379 2714 484 2775 multae
503 2713 538 2772 ab
556 2715 685 2784 oriente,
710 2729 811 2789 aquam
827 2714 857 2771 in
876 2712 998 2772 biduom
1013 2728 1098 2790 prae·

65 2817 90 2858 so
101 2801 224 2878 sagient.
257 2815 320 2859 oum
337 2800 367 2859 in
384 2795 577 2859 cacuminibus
591 2796 725 2854 montium
742 2794 834 2854 nubes
852 2795 1018 2870 consident,
1037 2794 1097 2853 bie·

73 2898 76 2906 ’
99 2885 196 2944 mabit.
226 2883 251 2942 si
275 2883 421 2944 eacumina
444 2898 516 2962 pura
535 2878 619 2956 fient,
642 2877 841 2939 disserenabit.
879 2877 954 2938 nube
977 2875 1098 2953 gravida

102 2967 287 3043 candicante,
303 2965 381 3044 quod
398 2973 502 3026 vocant
515 2970 715 3041 tempestatem
732 2959 842 3036 elbam,
857 2960 967 3039 mando
981 2959 1097 3018 inmine-
1158 2969 1162 2981 ¹

100 3051 152 3111 bit.
181 3050 265 3110 caelo
287 3049 417 3129 quamvis
439 3063 545 3108 sereno
566 3045 709 3106 nubecula
731 3046 860 3124 mansis
886 3060 975 3123 parra
1002 3041 1098 3106 datum

101 3133 299 3213 procellosum
315 3131 403 3194 dabit.

66 3231 93 3275 aa
165 3215 250 3296 (83.)
268 3215 399 3277 Nebulae
412 3214 554 3276 montibus
566 3211 777 3274 descendentes
789 3221 836 3271 aut
847 3210 931 3272 eaeio
945 3209 1140 3273 armasset

100 3302 150 3363 rel
168 3304 197 3360 in
211 3299 335 3359 vallibus
352 3299 479 3362 sidentes
496 3299 680 3360 serenitatem
698 3296 872 3374 promittent.

166 3383 250 3463 (84.)
271 3382 317 3442 Ab
341 3383 385 3442 bis
406 3383 515 3443 temoni
534 3382 617 3458 ignes
635 3395 776 3458 proxume
801 3377 970 3456 significant.
998 3375 1098 3456 pallidi

103 3487 224 3548 namque
241 3473 507 3548 murmurantesque
521 3473 723 3545 tempestatum
736 3463 825 3524 nuntii
845 3463 1018 3537 sentiantur,
1035 3459 1099 3538 piu-
