2552 3866
163 216 165 224 ι
223 273 227 287 θ
306 209 746 298 uaT.n1sT.-.xvu131—3r.
767 203 920 282 (ts—75.)
1051 209 1112 268 147

116 369 187 430 daos
203 365 258 427 lios
272 382 362 426 annos
379 366 522 425 inventurn
537 367 635 444 parvis
650 366 741 443 prelis
763 377 792 427 et
811 369 920 428 minore
942 373 1111 450 torculario,

116 451 247 511 aedilicio
271 449 407 511 breviore
426 449 547 509 maloin
567 449 662 509 medio
682 448 811 527 directo,
839 461 971 530 tympana
987 457 1111 534 inposita

112 535 242 594 vinaceis
260 551 387 630 superne
410 541 473 592 toto
491 533 622 611 pondere
644 542 769 609 urguere
790 544 819 594 et
836 553 926 614 super
945 539 1027 616 prela
1042 558 1110 599 con-

114 628 227 678 struere
247 617 425 692 congeriem.
454 614 518 676 Hoc
533 625 563 676 et
576 633 661 694 poma
677 618 834 694 colligendi
848 629 971 698 tempus.
994 622 1095 682 obser·
1084 635 1154 688 -318

91 703 208 776 svatio,
238 718 302 758 cum
323 699 440 777 aliquod
460 700 637 776 maturitate,
666 717 724 760 non
741 709 931 780 tempestate,
959 705 1110 770 deciderit.

113 787 170 846 hoc
186 792 215 842 et
235 783 334 843 laedes
351 783 546 860 exprimendi,
563 782 620 842 lroc
638 793 668 842 et
682 784 825 844 defrutum
841 789 985 866 coquendi
1006 789 1111 848 silente

113 869 179 928 luna
205 875 290 927 noctu
307 875 369 942 aut,
391 867 416 925 si
441 867 579 942 interdiu,
604 867 711 945 plena,
737 869 962 948 ceterisdiehus
984 881 1112 932 astante

114 961 244 1012 exortum
260 951 344 1010 lonae
360 951 409 1009 aut
424 960 492 1028 post
505 968 651 1010 occasum.
674 969 730 1029 nec
745 952 784 1012 ιιι
796 942 914 1014 novella
926 957 984 1014 vite
1000 965 1048 1016 aut
1063 973 1111 1034 pa-

113 1037 211 1110 lustri,
236 1052 292 1093 nec
307 1033 397 1093 nisie
416 1043 526 1094 matura
539 1051 611 1110 uva,
638 1052 693 1094 nec
708 1037 763 1095 nisi
778 1037 857 1097 foliis
875 1037 1141 1116 despumandum,
1150 1085 1152 1092 .

76 1144 102 1184 10
113 1121 189 1198 quia,
211 1119 329 1194 siligne
346 1119 528 1194 contingatur
543 1135 612 1194 vas,
631 1119 762 1180 adustum
778 1129 806 1180 et
821 1119 964 1181 fumosam
980 1123 1043 1182 lieri
1060 1142 1111 1202 pu·

111 1211 180 1262 tant.
209 1202 317 1262 lustum
336 1201 500 1262 vindemiae
518 1211 630 1279 tempus
651 1201 886 1280 abaequinoctio
907 1207 943 1266 ad
957 1207 1092 1283 vergilia·
1081 1215 1154 1271 -319

111 1305 172 1346 rum
190 1285 406 1346 occasumdies
427 1299 521 1346 XLIV.
553 1285 589 1346 ab
606 1303 641 1344 eo
657 1287 703 1346 die
723 1285 871 1351 oraculum
887 1291 1013 1362 occurrit
1030 1290 1110 1368 frigi

111 1371 192 1430 dum
190 1371 295 1469 picari
305 1385 358 1447 pro
385 1369 474 1430 nihilo
496 1370 668 1439 ducentium.
704 1372 790 1431 sed'
781 1390 836 1432 ram
860 1383 889 1432 et
914 1359 1047 1436 kalendis
1066 1374 1121 1435 la

111 1436 217 1513 nuariis
227 1453 348 1513 defectu
369 1470 504 1527 pasorum
527 1453 725 1514 vindemiantis
745 1441 803 1515 vidi
821 1455 998 1536 piscinisque
1019 1468 1110 1518 musta

77 1537 197 1598 recondi
214 1547 263 1598 aut
280 1538 347 1598 vina
370 1531 477 1597 edlrndi
498 1539 613 1636 priora,
642 1546 671 1596 ut
689 1539 774 1600 dubia
793 1541 1002 1639 reciperentur.
1036 1542 1153 1606 hoossao

111 1638 169 1681 non
185 1630 241 1680 tam
255 1639 345 1698 saepe
360 1630 505 1698 proventu
526 1622 611 1684 nimio
628 1623 725 1680 evenit
741 1639 825 1719 quarn
842 1625 964 1699 segnitia
980 1633 1028 1683 aut
1043 1640 1109 1684 ava·

110 1707 176 1764 ritia
192 1704 381 1763 insidiantium
398 1705 508 1762 caritati
525 1704 611 1763 ciuili.
643 1704 696 1764 sed
717 1707 801 1783 aequi
822 1707 1034 1783 patrisfamilias
1049 1725 1109 1766 mo-

111 1789 164 1848 dus
183 1796 230 1846 est
249 1804 361 1848 annona
382 1787 520 1864 cuiusque
544 1789 607 1846 anni
627 1789 674 1846 ιιι.
695 1788 723 1848 id
744 1805 891 1868 peraeque
915 1792 999 1867 etiam
1014 1791 1109 1860 lucro

112 1872 264 1932 sissimnm.
295 1869 418 1949 Reliqua
431 1870 469 1929 de
483 1871 556 1930 vinis
575 1852 689 1931 adfatim
706 1871 782 1932 diota
796 1882 870 1948 sunt,
891 1865 959 1933 item
973 1871 1068 1948 vin-1⁴
1062 1874 1151 1973 ffll·

76 1975 103 2017 ro
115 1956 207 2015 demis
223 1954 301 2014 lacta
315 1954 421 2015 olivam
436 1972 504 2012 esse
518 1955 702 2032 rapiendam,
727 1965 756 2015 et
770 1962 845 2035 quae
859 1958 896 2018 ad
911 1958 1008 2017 oleum
1021 1960 1108 2036 perti-

112 2047 180 2099 nent
195 2055 329 2116 quaeque
343 2055 359 2098 a
375 2037 562 2114 vergiliarum
574 2056 686 2098 occasu
702 2057 750 2117 agr
742 2040 879 2100 ‘.deltent
1117 2061 1140 2095 o

176 2123 226 2183 32.
251 2123 337 2200 (75.)
354 2120 405 2181 llis
428 2139 501 2198 qaae
523 2131 586 2182 sunt
606 2123 774 2184 necessaria
793 2125 951 2184 adicientur
970 2125 1005 2184 de
1023 2126 1089 2185 luna
1099 2133 1152 2187 521

112 2207 265 2286 ventisque
287 2215 316 2266 et
335 2206 516 2305 praesagiis,
537 2214 568 2264 ut
589 2207 626 2264 sit
646 2215 705 2266 tota
722 2207 856 2266 sideralis
875 2209 948 2267 ratio
966 2225 1020 2286 per
1021 2208 1107 2267 fecta.

113 2308 234 2367 namque
246 2275 402 2366 Vergilius
409 2291 493 2350 etiarn
507 2290 536 2348 in
549 2306 686 2348 numeros
700 2275 784 2350 lonae
800 2290 957 2366 digerenda
969 2290 1109 2369 quaedam

78 2376 224 2471 reputavit
237 2373 397 2434 Democriti
411 2383 528 2433 secutus
549 2374 779 2434 ostentationem.
810 2391 864 2433 nos
879 2374 976 2450 legum
990 2373 1127 2474 utilitas,

115 2475 188 2535 quae
202 2459 231 2516 in
245 2467 307 2518 toto
324 2475 432 2536 opere,
453 2459 482 2516 ιι
496 2457 550 2516 hac
562 2475 678 2535 quoque
694 2468 790 2518 movet
804 2467 897 2536 parte.
928 2461 1019 2524 omnia
1035 2473 1108 2534 quae

115 2542 288 2617 caeduntur,
322 2549 496 2618 carpuntur,
528 2541 686 2601 conduntur
710 2543 890 2602 innocentius
916 2542 1108 2604 decrescente

114 2625 181 2684 luna
196 2642 279 2702 quam
295 2633 447 2694 crescente
463 2625 541 2684 liunt.
569 2633 682 2684 stercus
696 2627 750 2684 nisi
764 2626 955 2686 decrescente
969 2626 1035 2685 luna
1052 2641 1089 2684 ne
1099 2632 1151 2685 eat

114 2708 235 2785 tangito.
257 2719 387 2768 maxume
405 2709 734 2782 autemintermenstrua
748 2709 920 2787 dimidiaque
932 2717 1107 2788 stercorato.

79 2815 106 2856 so
116 2793 221 2872 verris,
239 2793 389 2868 iuvencos,
410 2793 529 2866 arietes,
551 2790 668 2850 haedos
681 2792 872 2852 decrescente
890 2792 955 2852 luna
972 2799 1107 2852 castrato.
1145 2841 1147 2848 ,

115 2894 171 2935 ιιι
186 2875 252 2943 luna
274 2892 349 2934 nova
368 2876 532 2954 subponito.
564 2875 682 2934 scrobis
704 2875 770 2935 luna
792 2876 879 2954 plena
902 2885 988 2935 noctu
1008 2874 1106 2933 facito.

115 2959 249 3020 arborum
270 2959 385 3020 radices
406 2958 472 3018 luna
488 2957 574 3036 plena
589 2959 712 3037 operito.
744 2959 847 3020 umidis
867 2959 940 3018 locis
956 2956 1129 3017 interlunio-

116 3043 205 3102 serito
228 3053 256 3103 et
273 3043 351 3102 circa
371 3041 552 3102 interlunium
572 3042 732 3119 quatriduo.
761 3044 893 3103 ventilari
913 3058 1027 3122 quoque
1050 3040 1109 3098 ιιιι-,

115 3136 209 3185 menta
223 3145 258 3186 ac
275 3126 423 3202 legumina
437 3134 466 3184 et
491 3122 576 3185 condi
601 3127 677 3185 circa
703 3136 860 3187 extremam
886 3126 979 3186 lunam
998 3123 1106 3198 iubent,

82 3229 106 3270 ιι
116 3228 277 3285 seminans,
307 3227 369 3268 com
390 3209 456 3269 luna
473 3207 559 3286 supra
579 3218 684 3268 terram
706 3213 756 3286 sit,
776 3211 855 3283 lieri,
879 3207 984 3269 calcari
1004 3216 1107 3282 musta,

117 3313 180 3354 curn
195 3295 261 3354 lona
277 3293 329 3352 sub
344 3303 431 3372 terra,
445 3293 514 3360 item
527 3289 661 3353 materias
676 3294 758 3354 coedi
773 3311 905 3371 quaeque
919 3292 973 3358 alia
989 3293 1048 3351 suis
1063 3290 1148 3350 lo·'.

117 3377 158 3436 cis
175 3378 307 3438 diximus.
334 3376 436 3455 Neque
457 3384 502 3436 est
513 3375 627 3437 facilior
640 3375 806 3437 observatio
825 3395 859 3438 ac
873 3379 928 3436 ianr
945 3376 1020 3436 diota
1034 3392 1085 3434 no·
1074 3381 1150 3438 -323

116 3459 159 3520 bis
185 3461 312 3521 secundo
329 3460 488 3534 volumine,
517 3459 568 3519 sed
591 3461 667 3539 quod
689 3455 861 3538 intellegere
885 3460 1149 3608 qql*rusdcir.p¹·rs

1272 1215 1273 1224 ι

1271 1249 1273 1260 ι
