2538 3864
115 127 141 196 -'
188 147 249 208 234
526 157 555 204 o.
568 155 662 202 norm
677 153 828 202 sucunor

145 323 177 375 11
256 309 319 390 (8.)
350 308 389 370 Et
408 311 463 370 iam
477 317 544 367 tunc
562 325 689 368 coronae
705 293 823 368 deorum
842 308 935 370 bonos
953 319 1035 370 erant
1051 319 1079 369 et
1093 310 1173 370 larum

186 394 370 475 publicorum
399 394 633 471 privatorumque
670 409 705 452 ac
735 391 955 470 sepulchrorum
988 402 1017 453 et
1051 395 1172 470 manium,

187 494 356 556 summaque
382 475 539 536 auctoritas
564 475 664 553 pactili
689 492 834 552 coronae,
861 477 900 536 uti
925 475 1067 538 Saliorum
1091 479 1174 538 sacris

186 565 346 624 invenimus
366 559 514 618 sollemnis
537 576 596 618 eas.
635 561 777 619 transiere
798 560 902 622 deinde
925 561 960 620 ad
983 562 1106 637 rosaria,
1130 579 1174 622 eo·

103 683 114 692 -
188 665 246 726 que
267 645 383 706 luxuria.
397 643 545 721 processit
562 651 664 702 utnon
681 644 867 720 essetgratia
880 645 934 704 nisi
952 661 1032 704 mero
1051 645 1119 705 lolio
1132 661 1196 704 sus

186 733 246 807 tili,
262 746 329 788 mon
344 728 441 805 petitis
456 726 492 787 ab
507 725 587 787 India
602 736 650 787 aut
664 726 739 788 ultra
751 725 848 788 lndos.
872 727 1058 788 lautissimum
1075 729 1175 808 quippe

90 843 95 846 ·
187 815 340 878 habetare
355 810 437 872 nardi
453 811 525 871 lolio
543 828 593 871 eas
614 811 674 872 dari
694 819 743 888 aut
762 819 845 871 veste
864 812 965 890 Serica
981 811 1175 887 versicoloris,
1256 835 1257 838 ¹

188 896 339 980 unguentis
355 895 492 956 madidas.
526 894 601 954 bunc
617 893 704 956 habet
723 895 878 964 novissime
894 896 1000 956 exitum
1015 895 1122 956 luxuria
1136 895 1176 955 le·

188 985 333 1044 ruinarum.
580 979 584 988 ’
844 1043 848 1056 ,

146 1079 180 1132 12
250 1063 312 1141 (9.)
340 1061 378 1120 Et
393 1061 469 1138 apud
486 1057 614 1120 Graecos
631 1061 745 1138 quidem
767 1061 803 1122 de
827 1064 943 1124 coronis
964 1063 1095 1141 priuatim
1109 1063 1210 1122 scri-ro

188 1165 276 1228 psere
292 1154 321 1205 et
335 1142 513 1204 Mnesitheus
529 1153 616 1222 atque
629 1142 821 1206 Callimachus
836 1147 941 1209 medici
957 1164 1031 1223 quae
1045 1155 1182 1206 nocerent

188 1229 303 1308 capiti„
320 1228 454 1306 quoniam
475 1235 504 1286 et
526 1228 554 1286 in
575 1227 632 1285 hoc
654 1237 699 1287 est
719 1229 814 1305 aliqua
835 1229 999 1288 valitudinis
1020 1229 1130 1306 portio,
1154 1231 1183 1289 in

188 1321 256 1393 potu
276 1319 362 1388 atque
386 1309 528 1369 hilaritate
540 1311 704 1386 ,praecipue
722 1310 842 1370 odorum
860 1312 889 1368 vi
910 1310 1087 1388 subrepente
1103 1311 1182 1372 falla-

186 1397 268 1459 citer.
292 1393 437 1454 scelcrata
452 1401 497 1450 cst
512 1388 686 1468 Cleopatrae
700 1391 840 1452 sollertia.
867 1411 988 1473 namque
1003 1395 1032 1452 in
1046 1396 1184 1470 adparatu

185 1478 257 1540 belli
275 1478 388 1539 Actiaci
409 1475 648 1553 gratificationem
667 1475 759 1553 ipsius
779 1475 899 1554 reginae
920 1476 1046 1537 Antonio
1065 1478 1212 1539 timentc¹⁵
1256 1487 1257 1532 l

76 1603 82 1616 ,
178 1583 242 1632 Ιιιιιιι
266 1562 322 1624 nisi
347 1568 551 1640 praegustatos
578 1557 661 1618 cibos
687 1567 815 1620 sumente
841 1558 932 1619 fertur
958 1578 1096 1638 pavorem
1121 1563 1185 1622 eius

186 1649 293 1709 lusisse
315 1645 451 1706 extremis
474 1659 600 1702 coronae
622 1641 741 1702 lloribus
761 1659 874 1703 veneno
895 1642 981 1702 inlitis
999 1645 1120 1722 ipsaque
1136 1663 1183 1706 oa·
1256 1651 1257 1658 ’

187 1734 238 1810 piti
261 1731 401 1809 inposita,
423 1744 491 1787 mox
515 1726 693 1804 procedente
713 1727 856 1789 hilaritate
882 1727 1011 1786 invitavit
1030 1727 1185 1788 Antonium

179 1825 218 1882 ,ut
244 1831 369 1875 coronas
393 1810 534 1870 biberent.
568 1811 632 1888 quis
656 1810 695 1870 ita
715 1810 836 1870 timeret.
851 1807 987 1870 insidias?
1017 1828 1088 1888 ergo
1115 1829 1184 1871 con·

158 1911 178 1940 ²
188 1908 289 1974 cerpta
308 1900 337 1955 in
357 1893 496 1970 scyphum
511 1894 658 1972 incipienti
673 1893 787 1953 haurire
802 1894 938 1972 opposita
953 1911 1052 1955 manu:
1074 1911 1111 1953 en
1125 1913 1184 1972 ego
1193 1907 1218 1946 2⁰

189 1999 269 2056 sum,
289 1978 380 2056 inquit
396 1977 466 2056 illa,
486 1975 584 2037 llarce
605 1976 727 2052 Antoni,
750 1994 833 2056 qnam
850 1985 880 2036 tu
900 1994 975 2038 nova
994 1987 1185 2056 praegustan-

65 2057 76 2066 ’
187 2064 255 2122 tium
276 2061 424 2139 diligentia
445 2078 549 2136 caves,
571 2059 644 2120 adeo
665 2059 750 2135 mihi,
773 2053 927 2138 si'possim
947 2062 1008 2121 sine
1025 2063 1186 2138 torhere,

189 2147 307 2207 occasio
332 2153 380 2206 aut
408 2145 481 2205 ratio
507 2143 604 2203 deest!
640 2144 706 2203 inde
730 2142 872 2204 inductam
898 2145 1056 2204 custodiam
1079 2143 1187 2205 bibere

146 2239 180 2295 13
189 2231 272 2290 iussit
296 2229 377 2290 illico
403 2228 612 2306 exspirantem:
636 2225 682 2286 De
703 2225 929 2306 floribussupra
950 2228 1044 2288 dictos
1066 2230 1190 2308 scripsit

189 2313 406 2392 Theophrastus
432 2311 508 2389 apud
534 2307 678 2385 Graecos,
706 2328 744 2370 ex
764 2311 869 2370 nostris
890 2319 984 2372 autem
1003 2313 1221 2390 inscripsereas

187 2399 274 2475 aliqui
295 2395 385 2455 libros
407 2391 627 2469 anthologiam,
646 2391 734 2452 flores
750 2409 821 2454 vero
837 2403 1008 2472 persecutus
1026 2403 1071 2455 est
1084 2413 1191 2472 nemo,

186 2479 264 2558 qnod
289 2478 423 2557 equidem
450 2475 600 2535 inveniam.
648 2493 705 2536 nec
729 2493 782 2536 nos
810 2495 884 2536 nunc
913 2477 1027 2538 scilicet
1056 2495 1191 2540 coronas

140 2620 150 2630 ,
186 2570 334 2637 nectemus
349 2558 431 2618 -id
450 2560 524 2618 enim
543 2557 676 2619 frivolum
692 2569 747 2619 est
762 2593 819 2637 -,
839 2557 892 2622 sed
914 2561 950 2621 de
969 2560 1088 2622 floribus
1106 2581 1191 2641 quae

125 2703 131 2722 ,
186 2642 357 2704 videbuntur
374 2641 460 2718 digna
474 2639 704 2702 memorabimus.

145 2739 179 2794 14
250 2730 280 2788 4.
305 2727 388 2805 (10.)
407 2724 581 2788 Paucissima
595 2726 685 2786 nostri
699 2744 808 2803 genera
821 2737 1087 2788 coronamentorum
1106 2728 1194 2788 inter
1202 2747 1226 2787 co

185 2812 334 2874 hortensia
351 2827 478 2885 novere,
502 2827 536 2870 ac
558 2827 651 2888 paene
673 2809 764 2869 violas
787 2827 928 2886 rosasque
952 2819 1069 2871 tantum.
1101 2809 1194 2872 Rosa

185 2896 312 2956 nascitur
337 2895 419 2970 spina
442 2894 540 2952 verius
565 2910 648 2970 quam
673 2893 793 2968 irutice,
823 2892 851 2951 in
874 2892 947 2953 rubo
969 2911 1085 2973 quoque
1114 2911 1194 2972 pro·

185 2981 322 3054 veniens,
343 2977 403 3037 illic
419 2975 503 3034 etiam
516 2975 631 3036 iucundi
646 2975 760 3050 odoris,
783 2977 910 3052 quamvis
926 2978 1047 3054 angusti.
1073 2979 1195 3053 germi-

184 3073 233 3124 nat
254 3061 345 3122 omnis
366 3061 458 3140 primo
476 3059 587 3118 inclusa
608 3076 734 3136 granoso
757 3059 881 3136 cortice,
903 3077 959 3138 qno
976 3077 1044 3120 mox
1059 3061 1195 3121 intume-

185 3155 287 3207 scente
309 3152 338 3203 et
356 3144 384 3202 in
404 3141 501 3202 viridis
526 3140 687 3203 alabastros
708 3142 842 3219 fastigato
864 3141 998 3221 paulatim
1016 3143 1230 3204 rubescensss

185 3227 308 3289 dehiscit
324 3245 360 3287 ac
373 3243 440 3286 sese
455 3223 553 3304 pandit
565 3226 595 3284 in
610 3225 728 3301 calyces
742 3226 837 3286 medio
852 3227 895 3285 sui
913 3226 1014 3286 stantis
1032 3227 1198 3306 conplexa

90 3374 92 3382 ,
144 3321 177 3374 15
188 3311 283 3370 luteos
309 3310 419 3388 apices.
463 3327 532 3368 usus
558 3311 619 3369 eius
645 3311 673 3368 in
699 3311 814 3370 coronis
839 3326 932 3388 prope
956 3310 1095 3370 minumus
1127 3321 1196 3370 est.

187 3392 253 3453 oleo
269 3401 445 3468 maceratur,
475 3391 561 3468 idque
582 3393 637 3452 iam
659 3410 675 3450 a
697 3391 826 3455 Troianis
848 3393 1025 3470 temporibus
1046 3393 1198 3454 Homero
