2534 3866
178 165 236 223 110
469 197 470 200 =
515 166 836 216 0.Pu1rttsncurtnn
873 167 876 175 “

177 344 238 387 sum
256 332 287 385 et
304 323 381 402 quod
399 323 604 400 centigranium
616 333 730 383 vocant.
762 324 1016 382 inventnsestiam
1029 331 1059 382 et
1070 339 1177 402 scapus

176 427 247 468 unus
264 417 378 468 centnm
393 405 467 466 fabis
484 416 612 466 onustus.

133 503 199 559 96⁴0
238 491 321 572 (22.)
343 491 463 550 Aestiva
478 489 619 550 frumenta
639 489 761 550 diximus
782 491 931 566 semmam,
953 489 1076 564 milium,
1097 489 1176 572 pani·
1263 563 1264 566 Ἴ

177 595 250 638 cunc
281 576 388 637 sesima
408 573 444 633 alr
465 571 541 633 lndis
563 574 650 632 venit.
685 591 723 634 ex
745 592 779 634 ea
797 580 826 634 ct
847 534 1077 648 olenmfuotum
1094 573 1179 633 color

178 665 240 722 eius
256 659 403 720 candidus.
438 654 509 721 huic
522 656 616 716 simile
630 659 695 716 est
687 675 715 716 ιιι
729 657 800 728 Asia
816 656 996 736 Graeciaque
1013 658 1200 733 erysimumn

177 745 311 823 idemque
327 749 400 816 erat,
415 741 468 799 nisi
483 741 617 820 pinguius
633 748 722 815 esset,
740 741 818 819 quod
835 742 911 820 apud
925 757 979 800 nos
990 749 1096 801 vocant
1109 741 1176 800 irio·

92 889 97 896 ,
176 849 257 904 nem,
278 823 513 887 medicaminibus
534 823 773 884 adnumerandum
798 826 895 902 potius
922 841 1005 902 quam
1035 823 1176 902 frugibus.

177 913 304 974 eiusdem
319 917 438 968 naturae
453 917 483 967 at
496 907 654 967 horminum
672 907 792 968 Graecis
809 908 924 984 dictum,
942 907 995 968 sed
1010 909 1123 983 cymino
1138 910 1177 968 si·

174 998 253 1071 mile,
268 994 373 1054 seritur
388 1009 452 1052 cum
468 993 582 1054 sesima.
613 992 668 1052 hac
683 1001 718 1051 et
725 1008 818 1052 arrone
832 992 939 1114 nullum
960 992 1062 1052 animal
1082 993 1177 1052 vasci-
1265 1027 1266 1080 q

175 1091 220 1140 ιιιι
235 1075 402 1138 virentibus.
814 1107 840 1132 ψ
1049 1121 1051 1126 -
1100 1097 1104 1104 ’
1187 1097 1213 1137 ιο
1265 1083 1266 1110 l

133 1173 167 1229 97
238 1160 300 1240 (23
304 1162 318 1237 )
340 1159 450 1220 Pistnra
463 1175 522 1218 non
542 1154 665 1220 omnium
679 1158 792 1233 facilis,
815 1161 924 1238 quippe
938 1158 1052 1218 Etruria
1067 1159 1177 1237 spicam

175 1245 260 1305 farris
274 1245 343 1302 tosti
357 1243 471 1322 pisente
486 1243 560 1321 pilo
568 1241 768 1341 praeferrato,
790 1242 884 1302 fistula
909 1251 1019 1302 serrata
1042 1250 1072 1301 et
1090 1243 1178 1302 sumta

175 1331 250 1388 intus
269 1327 460 1403 denticulata,
482 1334 530 1402 ut,
551 1328 575 1386 si
591 1327 731 1388 intentius
745 1325 854 1404 pisant,
878 1326 1070 1388 conciduntur
1086 1345 1177 1403 grana

173 1413 341 1490 ferrumque
357 1411 515 1488 frangatur
545 1411 636 1470 maior
651 1427 718 1488 pars
724 1407 833 1470 ltaliae
849 1411 931 1470 ruido
943 1412 1029 1474 utitur
1041 1410 1113 1488 pilo,
1128 1427 1176 1486 ro·

175 1496 211 1555 tis
228 1497 313 1556 etiam
328 1511 400 1572 quas
415 1512 490 1572 aqua
502 1503 618 1570 verset,
644 1493 741 1554 obiter
756 1502 786 1553 et
804 1495 890 1554 mola.
919 1483 960 1555 do
979 1496 1042 1572 ipsa
1063 1496 1211 1556 rationein

134 1589 169 1644 98
178 1580 290 1658 pisendi
301 1578 433 1656 Magonis
449 1587 628 1658 proponetur
642 1578 798 1638 sententia:
824 1579 947 1644 triticum
962 1587 1027 1638 ante
1042 1579 1178 1655 perfundi

176 1681 249 1742 aqua
261 1663 349 1723 multa
360 1663 450 1739 iubet,
466 1672 570 1742 postea
583 1662 682 1738 evelli,
694 1661 760 1722 dein
773 1663 839 1724 sole
848 1664 989 1722 siccatum
998 1662 1058 1741 pilo
1070 1665 1175 1740 repeti.

175 1748 261 1808 simili
274 1746 361 1807 modo
379 1747 528 1808 hordeum.
556 1747 638 1805 huius
653 1747 796 1808 sextarios
810 1760 859 1808 xx
873 1747 971 1824 spargi
981 1745 1095 1806 duobus
1109 1765 1175 1806 sex·

176 1833 255 1891 tariis
269 1848 372 1909 aquae
398 1831 506 1890 lentem
520 1831 625 1890 torreri
639 1831 735 1907 prins,
752 1829 820 1890 dein
840 1847 910 1889 cum·
926 1829 1080 1890 furhrrihus
1101 1829 1175 1890 leri·

176 1925 222 1976 ter
240 1916 295 1992 pisi
309 1923 358 1973 ant
372 1914 469 1974 addito
484 1916 515 1976 in
529 1914 675 1974 sextarios
692 1927 741 1974 xx
757 1914 854 1974 lateris
871 1914 951 1974 crudi
965 1914 1056 1974 frusto
1080 1922 1109 1974 et
1124 1913 1173 1974 ha·
1183 1937 1212 1978 rc

175 2015 263 2057 renas
279 1997 420 2140 sempdio.
452 1997 580 2058 erviliam
598 1997 702 2058 iisdem
722 1999 814 2060 modis
831 1997 934 2074 quihus
954 1998 1072 2058 lentem.
1101 2000 1172 2060 sesi·

51 2104 63 2116 ι
176 2098 248 2140 marn
263 2081 293 2140 ιιι
307 2098 342 2142 ca
356 2080 401 2140 ida
417 2090 590 2142 maceratam
605 2083 764 2160 exporrigi,
780 2081 847 2140 dein
861 2082 1016 2140 confricari
1028 2090 1057 2141 et
1068 2081 1173 2158 frigida

175 2166 268 2242 mergi
283 2174 315 2224 ut
328 2164 433 2243 paleae
451 2164 632 2240 fluctuantur,
648 2167 812 2243 iterumque
826 2165 974 2244 exporrigi
989 2166 1018 2224 iu
1039 2165 1103 2226 sole
1125 2183 1172 2224 su·

176 2266 230 2326 per
245 2249 342 2324 lintea,
360 2249 507 2326 quodnisi
525 2249 662 2308 festinato
683 2257 853 2326 peragatur,
876 2249 968 2308 lurido
991 2247 1092 2310 colore
1113 2267 1172 2310 mu·

118 2339 309 2394 dinoscere:
338 2330 377 2391 Et
397 2333 460 2409 ipsa
481 2341 586 2392 antem
599 2348 673 2408 quae
694 2331 853 2391 avalluntnr
875 2333 981 2392 variam
1001 2335 1210 2411 pisturarnmes

176 2417 316 2476 rationem
335 2414 451 2474 hahent.
485 2431 554 2474 acus
574 2423 712 2488 uocatur,
740 2432 804 2474 curu
830 2433 884 2493 per
903 2434 937 2476 se
958 2417 1060 2494 pisitur
1080 2419 1171 2496 spica,

175 2507 281 2558 tantum
299 2497 445 2558 aurificum
459 2497 496 2558 ad
509 2515 588 2558 naus.
621 2499 646 2556 si
661 2513 733 2556 vero
744 2499 772 2562 in
785 2517 853 2560 aren
864 2501 965 2560 teritur
977 2517 1040 2560 oum
1054 2502 1172 2580 stipula,

79 2643 81 2650 ,
175 2581 277 2658 palea,
293 2582 447 2641 immaiore
462 2589 603 2641 terrarum
619 2589 701 2660 parte
717 2582 753 2642 ad
769 2582 874 2661 pahnla
888 2585 1084 2644 iumentorum.
1110 2584 1172 2644 hfili

176 2674 205 2723 et
222 2665 316 2806 panpi
333 2673 362 2724 et
378 2667 501 2726 sesimae
518 2673 704 2744 purgamenta
719 2663 851 2744 apludam
865 2675 970 2726 vocant
981 2677 1011 2727 et
1023 2667 1091 2727 alibi
1106 2667 1171 2728 aliis

173 2765 277 2810 nomrnr
299 2766 342 2808 us.
1179 2771 1208 2812 ao
1265 2765 1266 2812 t

133 2843 184 2896 100
252 2833 335 2910 (24.)
355 2831 434 2892 Μιιιο
451 2829 604 2911 Campania
618 2835 774 2912 praecipue
788 2777 895 2912 gaudet
914 2837 1080 2914 pultemque
1103 2851 1168 2896 ceu·
1265 2831 1266 2874 ι

176 2917 271 2980 didam
291 2933 380 2976 exeo
396 2917 474 2976 ιιιιι
506 2917 538 2976 fit
552 2916 872 2996 etpamsprnedulors
896 2921 1168 2998 sarmatarumque
1265 2967 1266 2970 ι

175 3019 231 3080 que
246 3008 350 3078 genten
365 3001 419 3060 hac
434 3017 563 3060 maxume
580 3001 660 3079 pulte
676 3001 786 3060 aluntur
803 3009 833 3061 et
853 3003 941 3062 cruda
965 3003 1050 3064 etiam
1066 3003 1167 3080 farina,

176 3087 282 3163 equino
298 3085 375 3146 lacte
390 3083 439 3144 vel
456 3085 594 3159 sanguiue
611 3103 628 3144 e
644 3085 735 3144 cruris
745 3086 827 3146 venis
839 3086 975 3146 admixto.
1004 3087 1167 3166 Aethiopes

175 3185 231 3229 uon
246 3168 330 3230 aliam
343 3168 457 3244 frugem
472 3184 555 3246 quam
570 3167 629 3228 mili
645 3168 805 3246 hordeique
818 3186 940 3232 novere
1095 3197 1097 3205 s
1177 3191 1206 3234 ns

135 3262 185 3314 101
256 3251 346 3329 (25.)
343 3251 467 3313 Panicc
492 3259 522 3312 et
546 3250 655 3313 Galliae
682 3251 812 3331 qnidam,
840 3255 999 3353 praecipue
1013 3255 1168 3334 Aquitania

48 3339 49 3342 ’
175 3335 271 3410 utitur,
294 3334 345 3394 snd
360 3344 389 3394 et
406 3335 623 3413 circumpadana
641 3333 722 3394 ltalia
738 3336 929 3414 nuntiatura,
949 3340 1009 3402 sine
1025 3357 1080 3418 qua
1097 3338 1167 3398 nihil

175 3417 333 3480 conficiunt.
365 3418 502 3481 Ponticae
517 3429 620 3496 gentes
627 3417 737 3480 nullum
755 3420 856 3499 panico
870 3423 1040 3502 praeferunt
1061 3422 1164 3483 cibum.
