2534 3866
301 185 380 232 nur.
396 183 486 234 rursu.
503 183 600 232 xvrrr.
620 180 704 236 1-3.
724 171 841 250 (1—3.)
1030 173 1071 266 95

403 315 408 324 r
969 299 978 328 Ι

13 371 14 384 1
79 337 126 398 iar
141 343 265 412 torrere,
280 335 412 414 qnoniam
427 343 531 396 tostum
543 329 608 394 cibo
624 331 766 394 salubrius
777 343 866 411 esset,
879 337 907 396 id
918 355 974 398 unc
985 341 1071 402 modo

82 427 276 495 consecutus,
296 418 447 478 statuendo
468 435 525 478 non
548 435 615 477 esse
636 431 737 496 purum
757 418 792 478 ad
808 419 1004 508 remdivinam
1018 425 1072 482 uisi

80 511 199 580 tostum.
248 503 272 561 is
297 509 326 560 et
346 500 515 562 Fornacalia
541 499 659 560 instituit
681 499 765 560 iarris
785 501 912 561 torrendi
934 503 1021 564 ferias
1044 517 1102 572 ete

81 603 178 664 aeque
195 582 351 662 religiosas
368 586 495 644 terminis
510 599 652 662 agrorum.
689 584 742 644 bos
759 585 832 644 euim
847 584 919 644 deos
934 595 1000 646 tuuc
1015 607 1071 649 ma·

12 715 13 728 2
60 687 167 733 sxume
183 677 340 744 noverant,
364 668 517 747 seiamque
532 686 549 728 a
564 667 705 743 serendo,
721 668 874 744 Segestam
890 687 906 730 a
924 671 1072 747 segetibus

80 751 286 833 appellabant,
306 769 424 831 quarum
444 752 594 812 simulacra
610 752 638 810 iu
654 752 733 810 circo
749 751 889 829 videmus,
905 786 947 798 -
960 755 1073 815 tertiam

81 855 120 896 ex
138 835 183 896 bis
198 835 344 895 nominare
360 833 414 895 sub
430 843 508 896 tecto
526 834 629 912 religio
645 843 690 894 est
706 867 757 910 -,
776 852 812 894 ac
831 852 867 895 ne
883 835 1073 913 degustabant

81 920 198 998 quidem
212 935 302 980 novas
316 918 416 996 fruges
436 928 485 979 aut
500 919 564 977 vina
581 927 733 996 antequam
748 918 918 979 sacerdotes
936 922 1074 999 primitias

81 1003 233 1063 libasseut.

51 1104 73 1146 rc
146 1087 174 1148 3.
200 1085 261 1164 (3.)
286 1083 421 1161 iugerum
437 1081 597 1144 vocabatur
617 1084 693 1161 quod
713 1101 768 1145 uuo
791 1086 858 1163 iugo
874 1083 960 1146 boum
976 1087 1004 1146 iu
1019 1087 1098 1150 dieu

83 1169 197 1230 exarari
213 1175 324 1246 posset,
341 1176 421 1228 actus
437 1169 464 1227 in
480 1183 537 1245 quo
552 1167 644 1227 boves
660 1176 813 1244 agerentur
830 1186 893 1230 cum
906 1177 1000 1232 aratro
1016 1189 1072 1232 uuo

83 1254 190 1331 impetu
205 1253 290 1312 iusto.
320 1251 367 1312 bic
383 1258 444 1312 crat
460 1263 528 1311 cxx
543 1251 657 1328 pedum,
673 1250 890 1331 duplicatusque
905 1255 933 1314 in
950 1254 1072 1330 lungitu-

82 1337 177 1408 dinem
198 1337 328 1412 iugerum
349 1333 483 1396 iaciebat.
517 1334 592 1394 dona
618 1333 791 1412 amplissima
814 1331 1016 1414 imperatorum
1036 1356 1072 1398 ac

82 1420 199 1480 fortium
211 1419 313 1478 civium
329 1425 462 1496 quantum
477 1419 540 1496 quis
554 1435 609 1477 uuo
624 1418 671 1478 die
686 1418 845 1496 plurumum
857 1422 1071 1483 circumaravis÷

52 1524 75 1566 rs
84 1512 146 1579 set,
173 1503 241 1562 item
268 1501 401 1580 quartarii
422 1501 506 1562 iarris
529 1510 575 1561 aut
597 1501 744 1577 heminae,
763 1503 932 1565 conferente
950 1505 1069 1582 populo.
1106 1571 1111 1589 Ι

85 1585 264 1664 Cognomina
280 1585 363 1644 etiam
378 1586 467 1662 prima
486 1585 568 1644 inde:
585 1583 703 1644 Pilumni
722 1587 768 1662 qni
784 1585 872 1663 pilum
886 1589 1011 1664 pistrinis
1027 1591 1067 1647 in·
1081 1601 1115 1652 10

84 1677 222 1744 venerat,
239 1668 350 1727 Pisonis
366 1685 382 1726 a
397 1667 536 1745 pisendo,
550 1669 606 1728 iam
622 1665 790 1743 Fabiorum,
807 1665 1005 1744 Lentulorum,
1023 1669 1069 1730 Ci-

85 1770 231 1828 ceronum,
243 1751 406 1828 utquisque
421 1750 537 1828 aliquod
550 1760 667 1830 optume
682 1767 774 1826 genus
787 1760 908 1814 sereret.
928 1751 1071 1812 luniorum

84 1835 208 1898 iamiliae
234 1833 391 1894 Bubulcum
412 1835 588 1894 nominarunt
612 1835 660 1912 qui
680 1833 773 1892 bubus
787 1842 909 1911 optume
930 1835 1070 1895 utebatur.

52 1943 76 1984 uc
86 1921 153 2000 quin
168 1927 197 1980 et
212 1919 240 1977 iu
255 1917 345 1977 sacris
361 1916 431 1977 nibil
442 1915 605 1993 religiosius
618 1917 854 1978 confarreationis
868 1918 982 1980 viuculo
998 1927 1070 1996 erat,
1171 1925 1177 1938 ‘

86 2019 238 2080 novaeque
252 2007 358 2077 nuptae
373 1999 497 2060 iarreum
512 2000 724 2076 praeferebant.
755 2001 863 2078 Agrum
878 2002 952 2062 male
968 2003 1067 2064 colere
1080 2015 1112 2067 11

87 2085 250 2148 censorium
264 2081 400 2160 probrum
415 2082 608 2156 indicabatur,
626 2093 735 2161 atque,¹
749 2092 780 2144 ut
792 2084 883 2145 refert
900 2084 989 2161 Cato,
1008 2105 1071 2147 cum

85 2173 177 2231 virum
197 2166 307 2228 donum
322 2166 490 2246 agricolam
512 2166 673 2244 bonumque
690 2165 822 2228 colonum
837 2168 991 2244 dixissent,
1013 2186 1070 2231 am·

10 2279 11 2292 ¹
86 2255 215 2333 piissime
233 2250 365 2310 laudasse
387 2249 595 2310 existimabant.
622 2249 688 2308 hioc
710 2257 738 2308 et
758 2248 920 2329 locupletes
938 2252 1071 2312 dicebant

55 2357 78 2398 us
88 2338 157 2412 loci,
173 2335 229 2396 boc
247 2343 292 2394 est
307 2336 379 2411 agri,
396 2333 508 2411 plenos.
536 2333 657 2412 pecunia
669 2333 732 2410 ipsa
747 2350 763 2392 a
781 2350 889 2410 pecore
904 2333 1070 2412 appellaba·

87 2430 141 2482 tur.
174 2420 352 2478 etiamnunc
374 2417 401 2476 in
418 2416 522 2477 tabulis
537 2417 678 2476 censoriis
700 2434 806 2494 pascua
829 2416 959 2478 dicuutur
978 2418 1071 2478 omnia

10 2555 11 2566 ,
88 2524 126 2566 ex
141 2502 244 2582 quibus
258 2501 382 2579 populus
395 2500 502 2575 reditus
516 2499 612 2575 babet,
626 2501 690 2578 quia
705 2500 751 2560 diu
765 2502 822 2560 hoc
836 2500 930 2560 solum
944 2500 1070 2578 vectigal

87 2588 190 2647 iuerat.
221 2584 348 2646 multatio
371 2581 485 2662 quoqne
507 2601 565 2644 nou
587 2584 640 2642 uisi
663 2585 756 2644 orium
777 2585 920 2663 boumque
936 2585 1069 2663 inpendio

89 2669 317 2744 dicebatur,‘nuu
329 2666 481 2727 omittenda
496 2667 652 2743 priscarum
666 2667 761 2742 legum
777 2667 979 2729 benivolentia.
1004 2687 1069 2730 cau·
1143 2707 1154 2714 -

55 2765 146 2816 cutum
168 2752 275 2831 quippe
297 2760 343 2811 est
362 2769 398 2811 ne
423 2749 527 2809 bovem
547 2750 625 2826 prius
644 2765 727 2826 quam
747 2767 831 2810 ovem
848 2753 1006 2812 nominaret
1023 2753 1070 2829 qui

89 2837 230 2898 indiceret
252 2834 374 2894 multam.
411 2832 508 2893 Ludos
526 2829 612 2891 boum
631 2848 717 2891 causa
738 2832 912 2894 celebrantis
925 2833 1112 2900 bubetiosm

88 2918 241 2979 vocabant.
276 2918 393 2976 Servius
414 2933 468 2976 rex
487 2915 582 2974 ovium
603 2913 745 2991 boumque
766 2915 864 2993 eiiigie
892 2919 999 2993 primus
1020 2934 1070 2976 aes

10 3023 12 3056 ι
90 3003 224 3080 signavit.
251 2999 375 3076 Frugem
391 3000 503 3076 quidem
516 3006 611 3058 aratro
628 2999 783 3073 quaesitam
803 2999 896 3060 iurtim
914 3008 1001 3059 noctu
1020 3016 1070 3076 pa·

10 3057 15 3140 l
89 3088 168 3148 visse
185 3103 219 3144 ac
234 3086 363 3144 secuisse
378 3082 479 3160 puberi
495 3096 546 3142 ΧΠ
560 3080 665 3140 tabulis
680 3081 783 3159 capital
799 3092 871 3157 erat,
887 3099 1069 3159 suspensum·

57 3188 146 3250 usque
163 3167 265 3227 Gereri
279 3167 376 3227 necari
392 3165 525 3227 iubebant
541 3166 655 3243 gravius
672 3181 755 3242 quam
767 3165 795 3224 iu
807 3164 959 3225 homicidio
974 3167 1069 3225 convi-

91 3263 181 3326 ctum,
205 3250 339 3328 inpubem
362 3250 505 3326 praetoris
530 3249 665 3310 arbitratu
684 3247 830 3309 verberari
850 3249 999 3310 noxiamve
1021 3250 1069 3322 du·
1110 3311 1113 3322 ,

91 3337 255 3416 plionemve
271 3332 397 3392 decerni.
427 3331 485 3400 lam
510 3333 650 3394 distinctio
667 3331 815 3410 honosque
836 3333 956 3393 civitatis
978 3335 1066 3412 ipsius
1079 3344 1112 3398 13

91 3437 147 3480 noo
165 3416 279 3507 aliunde
300 3421 370 3474 erat.
410 3415 535 3486 rusticae
554 3415 644 3474 tribus
669 3415 878 3475 laudatissimae
904 3433 1002 3476 eorum
1022 3417 1070 3495 qui
