2552 3866
166 179 223 241 168
498 193 529 240 o.
546 194 642 241 auran
657 193 806 248 sacuam

121 315 211 410 nahor
226 343 348 406 humano
363 356 464 406 ventre
483 365 540 407 non
556 357 661 426 queant
675 349 726 408 sed
744 364 802 408 nou
825 350 1021 411 intumescant.
1052 351 1160 408 semina

164 448 238 508 qnae
250 448 391 509 proxuma
404 431 482 490 collo
496 432 609 491 luerunt
621 450 761 510 proceras
770 433 893 512 pariunt,
907 435 974 491 item
982 433 1017 491 ab
1025 431 1096 508 imis,
1108 431 1161 491 sed

164 533 221 575 non
238 514 436 592 conparandas
455 513 651 594 supradictis,
671 533 745 592 quae
764 517 792 574 in
807 515 901 574 medio
918 513 1071 591 rotundas,
1086 533 1160 594 quae

164 600 191 657 in
206 599 344 658 lateribus
360 617 474 658 crassas
487 597 708 675 brevioresque.
733 601 878 658 siccantur
892 600 921 658 in
932 598 1031 659 umbra
1042 608 1081 676 ct,
1098 616 1161 658 cum

121 689 155 745 73
162 681 250 742 libeat
268 701 379 758 serere,
397 685 425 740 in
440 697 512 758 aqua
524 689 713 739 macerantur.
743 680 823 741 Cibis
838 698 895 758 quo
908 683 1058 760 longiores
1072 684 1187 748 tenui-5

164 758 290 845 orasque
305 763 337 804 **
353 774 382 823 et
396 765 549 840 gratiores,
568 770 597 821 et
616 760 654 823 ob
670 762 699 822 id
714 764 891 823 salubriores
913 784 987 843 quae
1008 766 1160 846 pendendo

165 868 300 925 crevere,
320 849 527 924 minnmnmque
546 847 663 906 seminis
683 846 899 924 taleshshent,
920 848 1021 909 duritia
1045 852 1107 908 eins
1132 851 1160 908 in

165 935 236 993 cibis
254 933 374 1010 gratiam
388 931 565 990 terminante.
594 948 643 991 eas
660 949 734 1009 qnae
746 932 847 990 semini
861 942 1013 993 serventur
1024 943 1089 992 ante
1100 930 1160 992 h'ie·

163 1037 237 1078 mem
255 1014 382 1094 praecidi
397 1030 454 1073 nou
476 1021 521 1073 est
536 1031 610 1074 mos.
644 1024 747 1093 postea
769 1016 850 1086 fumo,
871 1017 1015 1076 siccantur
1035 1017 1159 1077 conden·
1253 1032 1254 1098 l

37 1093 42 1101 ¹
121 1103 206 1166 ledis
221 1100 430 1161 hortensiorum
444 1098 601 1158 seminibus
611 1102 743 1159 rusticae
759 1099 944 1177 supellectili.
982 1099 1101 1161 Inventa
1117 1109 1196 1160 estro

163 1185 235 1244 ratio
250 1199 305 1258 qna
321 1179 392 1239 cibis
408 1199 523 1260 quoqne
539 1193 733 1255 servarentur,
751 1182 911 1260 eodemque
923 1182 1009 1243 modo
1025 1187 1161 1256 cucumis,

165 1283 254 1346 nsque
271 1263 306 1324 ad
319 1264 392 1323 alios
410 1283 503 1342 paene
517 1275 685 1343 proventus,
701 1277 729 1325 et
746 1266 775 1325 id
787 1266 899 1344 quidem
913 1267 941 1325 in
953 1269 1042 1326 muria
1054 1268 1095 1342 ht,
1110 1267 1163 1327 sed

166 1360 194 1409 et
209 1346 314 1408 scrobe
325 1365 419 1426 opaco
435 1351 463 1406 in
475 1348 543 1407 loco
555 1347 662 1406 harena
672 1348 826 1424 substrato,
843 1349 970 1427 fenoque
981 1352 1062 1409 sicco
1075 1368 1161 1428 oper-

19 1483 22 1490 .
83 1445 86 1454 ’
163 1436 199 1493 tis
214 1450 250 1492 ac
266 1431 368 1491 deinde
385 1437 473 1508 terra,
490 1431 586 1490 viridis
602 1433 711 1491 servari
727 1431 847 1491 tradant.
880 1431 951 1492 Sunt
966 1442 995 1491 et
1010 1432 1162 1492 silvestres
1257 1501 1258 1510 χ

164 1520 192 1576 in
210 1525 331 1593 utroque
347 1533 458 1593 genere
473 1524 502 1574 et
518 1514 649 1576 omnibus
664 1517 728 1575 lere
742 1514 907 1576 hortensiis.
941 1515 993 1576 scd
1006 1525 1034 1575 et
1045 1514 1090 1593 his
1101 1515 1160 1574 me·
1173 1538 1199 1579 ιε

123 1601 178 1678 {lq}
191 1601 254 1660 dica
268 1609 375 1660 tantum
388 1593 488 1660 natura
502 1609 556 1676 est,
576 1617 658 1678 quam
670 1599 709 1658 ob
724 1618 785 1659 rem
800 1599 967 1660 differentur
978 1601 1006 1659 in
1018 1617 1068 1660 sua
1082 1599 1162 1659 voln-

164 1703 247 1746 mrna.
643 1716 645 1722 s

124 1779 157 1835 75
229 1768 312 1847 (25.)
349 1766 469 1845 Reliqua
498 1768 693 1844 cartilaginum
723 1777 841 1828 naturae
877 1775 955 1827 terra
984 1767 1163 1827 occultantur
1261 1803 1262 1838 ι

125 1853 199 1940 ἱξῆζξθ
211 1853 312 1912 omnia.
338 1851 480 1928 inquibus
493 1850 528 1910 de
543 1853 622 1930 rapis
634 1850 745 1911 abunde
757 1851 864 1910 dixisse
879 1860 1045 1930 poteramus
1058 1850 1161 1927 videri,
1262 1902 1263 1944 ,

167 1938 221 1996 nisi
232 1934 334 1993 medici
348 1933 496 1993 masculini
508 1953 595 1994 sexus
609 1936 740 1995 lacerent
754 1938 783 1994 in
794 1935 839 1994 his
851 1935 982 2012 rotunda,
998 1936 1100 1994 latiora
1112 1953 1160 1993 ve·
1170 1957 1197 1998 ac

165 2036 199 2080 ro
215 2027 243 2076 et
260 2034 387 2077 concava
403 2017 539 2095 feminini,
554 2020 762 2097 praestantiora
778 2020 917 2078 suavitate
933 2029 961 2079 et
976 2019 1011 2079 ad
1026 2019 1160 2078 condien·
1262 2079 1263 2082 ,

166 2102 231 2162 dum
246 2101 393 2178 faciliora,
409 2119 482 2179 quae
499 2103 614 2181 saepius
628 2111 689 2162 sata
713 2112 860 2163 transeunt
879 2104 908 2161 iu
928 2120 1044 2163 marem.
1078 2102 1162 2162 iidem
1261 2083 1263 2224 q

165 2202 304 2264 naporum
314 2189 436 2263 quinque
449 2203 557 2262 genera
569 2186 680 2262 iecere,
697 2185 882 2262 Corinthium,
896 2184 1082 2261 Cleonaeum,
1097 2186 1160 2246 hio·
1262 2229 1263 2260 ,

123 2270 301 2344 rotharium,
323 2269 492 2329 Boeoticum
516 2277 545 2328 et
567 2269 642 2348 qnod
663 2288 717 2347 per
732 2289 764 2328 se
778 2270 869 2329 viride
886 2270 1026 2330 dixerunt.
1057 2269 1103 2330 Ex
1116 2270 1161 2328 his
1193 2325 1197 2330 .
1262 2263 1263 2314 ἶ

166 2357 195 2414 in
210 2351 420 2432 amplitudinem
437 2352 576 2412 adulescit
591 2350 782 2429 Corinthium,
802 2354 877 2414 unda
893 2354 955 2413 lere
976 2353 1083 2413 radice.
1115 2371 1196 2418 som

147 2426 222 2498 *lum
240 2436 313 2494 enim
330 2435 387 2495 hoc
402 2453 493 2511 genus
509 2452 634 2513 superne
649 2435 748 2513 tendit,
764 2455 821 2496 uon
837 2446 872 2502 ut.
884 2446 981 2496 cetera
997 2437 1025 2496 in
1045 2446 1160 2496 terram.

165 2518 339 2580 liothasium
358 2517 468 2595 qnidam
483 2518 635 2579 'l'hrecium
652 2519 814 2599 appellant,
829 2521 969 2597 frigorum
989 2522 1160 2597 patientissi·

165 2620 249 2662 mum.
281 2599 366 2660 abeo
381 2601 548 2662 Boeoticum
564 2601 649 2661 dulce
665 2613 718 2679 est,
735 2604 906 2663 rotunditate
917 2604 1001 2662 etiam
1013 2603 1094 2663 bravi
1108 2622 1159 2662 uo-

166 2684 271 2761 tabile,
293 2691 387 2762 ue'que
410 2695 440 2744 ut
469 2684 643 2746 Cleonaeum
662 2687 860 2766 praelongam.
888 2689 916 2745 in
937 2695 1025 2746 totum
1047 2686 1159 2765 quidem

167 2785 285 2846 quorum
299 2771 393 2828 tenuia
407 2769 478 2830 lolia
492 2769 548 2847 ipsi
563 2786 678 2849 qnoque
693 2770 852 2845 dulciores,
876 2788 995 2849 quorum
1012 2769 1115 2830 scabra
1129 2778 1158 2828 et
1169 2793 1195 2836 ³0
1262 2815 1263 2818 η

125 2859 157 2915 tt
167 2851 306 2928 angulosa
322 2857 351 2911 et
364 2852 479 2913 horrida
495 2856 660 2914 amariores.
685 2853 738 2914 Est
753 2863 904 2932 praeterea
920 2872 1013 2930 genus
1024 2854 1158 2914 silvestre

168 2939 248 2996 cuins
259 2936 328 2996 lolia
345 2945 408 2994 snut
424 2954 528 2996 erucae
544 2937 654 2998 similia.
683 2937 776 3015 palma
789 2937 899 2997 Romae
912 2938 1095 2996 Amiterninis
1110 2937 1157 2997 da·
1260 2939 1263 3052 q

165 3031 219 3096 tur,
236 3020 300 3079 dein
314 3018 458 3096 Nursinis,
481 3019 563 3079 tertia
578 3020 760 3081 nostratibus.
795 3029 893 3080 cetera
917 3020 952 3079 de
973 3028 1035 3079 satu
1059 3037 1159 3079 eornm

125 3117 193 3156 samaa
205 3105 233 3162 in
248 3105 326 3180 rapis
341 3103 415 3162 dicta
433 3111 506 3162 sunt.

124 3187 159 3250 78
233 3185 316 3265 (26.)
341 3184 381 3264 [ll
403 3183 520 3246 Cortice
545 3194 574 3245 et
590 3187 758 3268 cartilagine
775 3194 906 3247 coustant
925 3185 1060 3266 raphani,
1088 3187 1195 3246 mul-³⁶

166 3269 261 3346 tisque
279 3285 377 3328 eorum
390 3267 492 3329 cortex
505 3272 632 3330 crassior
643 3271 726 3328 etiam
740 3289 823 3350 qnam
835 3268 1002 3348 quibusdam
1013 3271 1156 3330 arborum.

166 3353 323 3411 amaritudo
339 3351 470 3429 pluruma
486 3353 544 3412 illis
563 3363 608 3412 est
625 3363 652 3412 et
667 3371 720 3431 pro
741 3354 929 3414 crassitudine
945 3355 1071 3414 corticis.
1110 3370 1157 3413 ce·

165 3442 228 3494 tera
249 3451 364 3512 quoqne
387 3437 539 3516 aliquando
563 3436 683 3514 lignosa.
714 3446 743 3498 et
757 3439 801 3497 vis
816 3439 886 3496 mira
903 3437 1058 3514 colligandi
1074 3439 1158 3517 spiri-
