2538 3864
184 225 246 287 226
516 231 546 280 o.
564 231 661 279 surm
677 229 827 278 snounnu

184 389 270 452 tibus.
300 381 397 448 radice
413 386 543 448 lichenas
560 394 592 454 et
605 385 703 464 lepras
720 395 835 462 curant,
850 386 879 445 in
893 386 960 466 rino
976 389 1047 446 ve'ro
1063 385 1176 448 decocta

185 484 307 535 strumas
331 481 359 531 et
375 471 522 550 parotidas
545 479 574 528 et
597 469 743 545 calculos,
768 479 837 549 poto
854 471 922 529 vino
938 477 968 529 et
987 470 1079 531 lienes
1093 472 1176 549 inlita,

187 558 335 619 coeliacos
357 573 450 634 aeque
472 563 501 614 et
523 553 715 628 dysintericos
737 563 766 613 et
787 563 945 614 tenesmos.
976 554 1012 614 ad
1027 555 1178 634 eademque

187 643 279 702 omnia
296 639 445 700 eilioaoius
459 640 503 698 ius
517 637 645 715 lapathi,
667 647 697 697 et
715 647 814 698 ructus
830 639 899 698 iacit
915 646 944 696 et
958 639 1067 698 urinam
1086 641 1139 699 ciet
1152 649 1180 698 et

187 727 340 803 caliginem
356 723 505 782 oculorum
520 721 651 796 discutit,
674 721 742 780 item
760 724 897 800 pruritum
913 725 1047 800 corporis
1066 725 1094 783 in
1112 723 1203 783 salias

144 822 194 876 235
203 810 381 870 balinearum
393 806 516 868 additum
534 805 581 864 aiut
595 805 675 883 prins
691 806 786 882 ipsum
799 807 908 866 inlitum
921 807 982 866 sine
995 808 1074 867 olco.
1096 807 1181 866 firmat

186 905 216 955 et
233 893 455 954 conmanducata
470 889 553 950 radix
568 887 670 948 dentis.
695 888 797 949 eadem
813 890 936 950 decocta
952 909 1016 950 cum
1030 893 1097 951 vino
1113 891 1182 950 sistit

187 969 299 1053 aluum,
318 976 386 1036 lolia
402 975 527 1035 solvont.
549 971 665 1039 Adiecit
680 973 769 1048 Solo,
785 991 822 1033 ne
838 973 905 1052 quid
921 975 1093 1050 omittamus,
1106 974 1182 1034 bula·

186 1063 310 1141 pathon,
331 1059 438 1119 radicis
456 1066 563 1116 tantum
580 1055 729 1118 altitudine
746 1057 885 1118 differens
906 1068 936 1119 et
950 1076 1020 1135 erga
1036 1055 1182 1134 dysinteri-

188 1163 239 1206 cos
255 1144 360 1203 ellectu
376 1149 464 1218 potae
483 1159 520 1201 ex
537 1142 615 1200 vino.
761 1190 780 1215 ‚a
990 1141 1017 1184 Γ

144 1241 196 1296 236
259 1225 309 1284 22.
334 1223 417 1303 (87.)
445 1225 561 1302 Sinapi,
584 1226 664 1284 cuius
684 1227 713 1284 in
735 1227 835 1284 sativis
855 1229 909 1286 tria
929 1244 1038 1304 genera
1055 1223 1184 1298 diximus,

145 1309 216 1357 ¹⁰2¹⁷¹
229 1307 408 1384 Pythagoras
421 1309 609 1384 principatum
625 1305 735 1366 habere
752 1325 790 1366 ex
807 1307 851 1366 his
870 1326 989 1384 quorum
1006 1308 1186 1368 sublimeris

186 1394 295 1453 leratur
314 1389 465 1464 iudicavit,
486 1390 620 1467 quoniam
642 1393 700 1448 rion
722 1390 798 1448 aliud
813 1392 905 1466 magis
920 1392 950 1450 in
964 1391 1042 1450 naris
1058 1401 1088 1449 et
1105 1409 1187 1450 cere·

186 1477 268 1536 brum
292 1481 436 1554 penetret.
474 1472 510 1532 ad
533 1473 711 1550 serpentium
736 1473 811 1532 iotus
833 1483 862 1532 et
886 1475 1071 1554 scorpionum
1093 1475 1189 1535 tritum

187 1579 251 1622 cum
266 1567 352 1620 aceto
370 1558 503 1617 inlinitur.
536 1556 688 1633 longorum
702 1573 814 1616 venena
829 1557 954 1619 discutit.
989 1567 1089 1618 contra
1104 1559 1189 1636 pitui·
1199 1577 1219 1617 rs

187 1650 375 1706 tamtenetur
395 1643 426 1705 in
450 1658 519 1716 ore,
541 1639 635 1700 donec
657 1641 816 1724 liquescat,
838 1650 886 1700 aut
906 1643 1104 1720 gargarizatur
1127 1659 1192 1702 cum

146 1737 197 1796 nst
210 1746 284 1809 aqua
305 1728 406 1796 mulsa.
437 1726 473 1786 ad
491 1724 616 1785 dentium
640 1723 759 1785 dolores
781 1725 940 1803 manditur,
962 1723 997 1786 ad
1021 1740 1103 1784 uvam
1122 1742 1191 1801 gar·

187 1815 332 1893 garinatur
351 1829 414 1872 cum
434 1817 519 1870 aceto
544 1817 573 1868 at
593 1809 697 1884 mella,
723 1809 873 1870 stomacho
894 1809 1073 1868 utilissimum
1090 1817 1192 1868 contra

190 1899 283 1957 omnia
304 1896 388 1970 vitia,
416 1891 599 1972 pulmonibus
621 1891 841 1952 exscreationes
865 1892 959 1952 facilis
982 1893 1053 1952 iacit
1073 1892 1102 1950 in
1123 1891 1191 1951 cibo

189 1987 347 2056 sumptum,
374 1986 402 2036 et
430 1977 595 2054 suspiriosis
619 1976 720 2053 datur,
747 1977 815 2037 item
842 1973 1033 2038 comitialibus
1061 1975 1226 2055 tapidumrc

191 2079 254 2122 cum
277 2078 348 2121 suco
370 2077 560 2120 cucumerum.
603 2078 706 2120 sensus
732 2069 819 2140 atquc
845 2060 1077 2121 sternutamentis
1105 2067 1196 2137 caput

189 2153 309 2228 purgat,
330 2145 425 2206 alvom
444 2144 553 2220 mollit,
578 2152 723 2204 menstrua
744 2152 774 2203 et
794 2146 902 2204 urinam
923 2146 989 2206 ciet.
1020 2143 1198 2222 hydropicis

146 2237 197 2295 238
204 2231 349 2309 inponitur
359 2246 422 2288 cum
434 2229 489 2288 fico
502 2237 532 2288 et
544 2228 655 2288 cumino
666 2237 780 2288 tunsum
791 2221 880 2288 terhis
893 2229 1031 2308 partibus.
1057 2227 1199 2289 comitiali

189 2316 291 2375 morbo
315 2322 362 2373 aut
383 2314 534 2373 volvarum
559 2313 752 2371 conversione
781 2312 937 2372 suffocatas
965 2314 1073 2373 excitat
1099 2311 1201 2378 odore

188 2407 274 2460 aceto
284 2397 391 2474 mixto,
408 2398 475 2455 item
490 2393 682 2470 lethargicos,
698 2392 821 2455 adicitur
832 2397 967 2473 tordylon
981 2431 1023 2444 -
1037 2405 1081 2455 est
1095 2404 1231 2455 autema

190 2483 248 2542 hoc
270 2497 370 2538 semen
388 2497 425 2538 ex
438 2477 527 2535 seseli
542 2509 592 2552 -,
609 2486 638 2535 et
651 2477 676 2535 si
688 2479 888 2539 vehementior
902 2480 1051 2558 lethargus
1066 2489 1203 2559 premat,

191 2561 321 2624 cruribus
338 2569 386 2621 aut
408 2561 492 2620 etiam
508 2559 593 2637 capiti
618 2559 744 2620 inlinitur
758 2579 822 2622 cum
842 2563 899 2622 iico
914 2576 958 2624 'ex
973 2561 1068 2625 aceto.
1110 2573 1204 2624 vete-

190 2664 239 2706 res
255 2644 372 2706 dolores
391 2643 533 2718 thoracis,
549 2641 726 2722 lumborum,
751 2645 956 2724 coxendicum,
979 2663 1151 2708 umerorum
1173 2657 1206 2708 et

189 2733 218 2791 in
234 2745 413 2809 quacumque
438 2737 520 2806 parte
541 2744 579 2786 ex
597 2726 656 2788 alto
678 2730 811 2808 corporis
833 2729 902 2788 uitia
924 2728 1103 2792 extrahenda
1129 2741 1206 2792 sunt

190 2815 299 2876 inlitum
322 2813 448 2872 caustica
468 2812 497 2870 vl
513 2811 645 2891 emendat
665 2813 783 2891 pusulas
801 2811 956 2890 iaciendo,
986 2823 1014 2875 at
1041 2816 1070 2874 in
1085 2832 1235 2894 magnast

191 2899 293 2962 duritia
308 2897 369 2956 sine
385 2895 441 2954 fico
458 2896 611 2973 inpositum
625 2895 690 2971 vel,
709 2897 734 2954 si
748 2895 947 2957 'vehementior
957 2899 1033 2958 ustio
1045 2899 1207 2977 timeatur,

147 2993 199 3049 239
211 3001 264 3062 per
279 2978 401 3058 duplicis
417 2995 538 3057 pannos.
574 2985 690 3037 utuntur
705 2994 741 3037 eo
759 2977 795 3040 ad
818 2978 967 3059 alopecias
984 2999 1048 3041 oum
1061 2981 1206 3060 rubrica,

1191 1161 1214 1200 lb

16 3071 25 3092 ‘
83 3087 87 3092 ¹
189 3083 309 3145 psoras,
328 3063 441 3142 lepras,
457 3060 637 3138 phthiriasis,
657 3061 816 3138 tetanicos,
834 3064 1076 3142 opisthotonioos.
1114 3068 1207 3127 inun-

190 3158 260 3228 gunt
276 3163 391 3226 quoque
409 3143 527 3225 scabras
545 3162 635 3221 genas
651 3152 699 3204 aut
720 3144 870 3222 caligantis
884 3148 988 3208 oculos
1005 3165 1069 3208 oum
1087 3151 1208 3226 melle,

191 3248 335 3308 sucusque
351 3229 440 3288 tribus
454 3227 546 3287 modis
561 3229 729 3306 exprimitur
742 3228 771 3288 in
788 3229 883 3306 lictili,
906 3231 1084 3310 calescitque
1109 3237 1145 3294 in
1167 3251 1238 3294 eoas

190 3315 255 3374 sole
274 3313 397 3372 modice.
429 3311 489 3371 exit
503 3319 566 3370 ete
588 3309 731 3371 cauliculo
751 3330 837 3377 sucus
858 3313 968 3376 lacteus
985 3316 1034 3394 qui
1052 3316 1114 3393 ita,
1135 3335 1212 3378 curn

147 3408 199 3462 240
209 3396 348 3470 induruit,
365 3395 489 3455 dentium
509 3393 603 3454 dolori
619 3394 758 3462 medetur,
785 3415 884 3458 semen
902 3415 937 3458 ac
950 3399 1051 3474 radix,
1070 3417 1144 3460 curn
1163 3403 1214 3461 in·.

190 3478 325 3538 maduere
345 3487 455 3556 musto,
480 3487 664 3538 conteruntur
683 3497 839 3561 manusque
857 3481 962 3562 plenae
975 3496 1118 3544 mensura
1136 3502 1212 3544 sor·

882 3579 889 3603 Ι
