2534 3866
310 169 592 258 carmennum.
608 207 715 262 8-10.
743 199 860 278 (e-c.)
1043 199 1083 262 55

91 359 204 420 viribus
226 361 254 420 in
273 359 413 439 quandam
435 360 519 422 etiam
539 362 658 438 gratiam
674 369 791 422 mutato.
823 381 914 442 nuper
936 375 1082 444 repertum

93 446 176 505 oleas
191 444 319 520 gaudere
335 461 465 506 maxume
481 446 579 504 cinere
595 463 611 503 e
628 445 760 505 calcariis
775 446 949 507 fornacibus
985 449 1077 512 Varro
1090 460 1125 516 st

93 529 262 607 praeceptis
279 527 366 587 adicit
381 528 484 604 equino
499 527 575 607 quod
596 529 633 587 sit
647 528 823 588 levissimum
844 541 961 607 segetes
977 533 1081 610 alendi

12 617 14 666 l
93 621 176 690 prata
190 629 263 670 uero
278 611 414 686 graviore
433 619 462 669 et
478 610 563 694 quod
570 629 606 670 ex
622 610 734 670 hordeo
746 611 795 672 liat
809 612 971 692 multasque
985 619 1084 693 gignat

71 694 209 754 slrerbas.
243 692 356 790 quidam
379 695 462 752 etiam
481 689 589 754 bubulo
610 695 798 759 iumentorum
822 697 990 773 praeierunt
1012 702 1082 760 ovil-

12 807 14 870 ι
93 780 210 856 lumque
227 777 356 855 caprino,
377 776 507 838 omnibus
520 795 594 838 vero
610 779 758 854 asininum,
776 781 910 856 quoniam
926 781 1082 843 lentissime

12 885 14 930 l
91 861 235 922 mandant
273 861 457 920 econtrario
482 879 550 920 usus
571 862 710 921 adversus
736 869 886 941 utrumque
909 868 1082 942 pronuntiat.

12 939 14 1016 l
92 948 168 1006 inter
188 945 278 1004 omnis
299 952 393 1004 autern
415 953 527 1004 constat
552 945 621 1004 nihil
649 963 717 1004 esse
743 945 840 1006 utilius
866 947 954 1025 lupini
980 959 1082 1025 segete

92 1030 259 1108 priusquam
274 1027 423 1105 siliquetur
438 1036 533 1087 aratro
551 1027 601 1087 vel
615 1027 777 1088 bidentibus
794 1047 879 1089 versa
893 1031 1083 1110 manipulisve

63 1127 85 1168 ιι
95 1113 236 1174 desectae
255 1111 332 1170 circa
353 1109 466 1170 radices
489 1110 623 1170 arborum
644 1129 681 1172 ac
700 1113 798 1172 vitium
820 1112 940 1174 obrutis.
968 1124 1013 1174 et
1034 1115 1084 1174 ubi
1183 1159 1190 1172 ι

93 1196 204 1256 nonsit
224 1212 332 1272 pecus,
355 1193 478 1254 culmo'
469 1211 534 1272 apso
554 1195 703 1255 ueletiam
724 1195 812 1256 felice
828 1205 992 1259 stercorare
1007 1198 1082 1258 arbi·

93 1287 213 1340 trantur.
244 1275 330 1337 Cato:
354 1277 770 1355 Stercusundeiacias,
788 1289 1006 1358 stramenta,
1023 1282 1078 1344 lu·
1068 1294 1125 1347 5=u5

93 1355 394 1442 pinum‚paleas‚
411 1359 1081 1444 fabaliaacirondisiligneamquer·

93 1464 207 1506 neam.
240 1443 290 1503 Ex
318 1454 449 1520 segete
485 1445 646 1510 evellito
677 1445 836 1522 ebulum,
868 1448 1025 1510 cicutam
1048 1456 1097 1510 et

65 1544 86 1585 1
97 1527 888 1608 curcumsalictaberbamaltamulvamque
906 1533 1081 1601 eamsub·

96 1610 394 1674 sternitoovibus
402 1610 990 1690 ‚bubusquelrondemputidam
1018 1615 1080 1674 Vl·

95 1697 206 1756 neasi
236 1712 355 1754 macra
388 1696 474 1770 erit,
506 1703 687 1758 sarmenta
718 1711 780 1754 sua
810 1695 1015 1758 comburito
1045 1709 1081 1758 et

96 1779 228 1839 ibidem
252 1779 404 1842 inarato.
449 1779 598 1856 idemque:
627 1776 694 1838 Ubi
721 1786 869 1837 saturus
899 1781 975 1839 eris
1006 1780 1080 1840 iru-

96 1857 643 1937 mentum‚ovisibidelectato.

12 2015 13 2022 ἵ
64 1965 88 2004 ao
159 1948 219 2026 (7.)
250 1944 312 2009 Nec
337 1962 393 2004 non
426 1953 454 2006 et
479 1946 548 2004 satis
578 1945 745 2022 quibusdam
771 1946 842 2024 ipsis
866 1947 947 2024 pasci
973 1957 1076 2010 terram
1089 1958 1122 2012 56

12 2049 14 2100 ι
97 2033 189 2096 dicit..
217 2038 348 2105 segetem
380 2037 542 2088 stercorant
569 2027 683 2104 fruges,
717 2029 859 2107 lupinum,
884 2031 967 2107 laba,
994 2034 1079 2110 vicia,

12 2123 13 2160 t
98 2117 170 2175 sicut
184 2133 202 2173 e
218 2114 361 2173 contrario
378 2113 466 2187 cicer,
480 2111 546 2190 quia
562 2110 676 2170 vellitur
694 2120 723 2170 et
738 2114 804 2189 quia
819 2114 924 2174 salsum
940 2123 996 2190 est,
1012 2115 1078 2178 bor·

96 2197 189 2274 deum,
202 2197 303 2265 lenum
320 2193 468 2272 Graecum,
485 2210 592 2254 ervom.
618 2194 692 2254 baec
707 2196 798 2256 omnia
813 2205 944 2272 segetem
959 2210 1080 2260 exurunt

97 2291 127 2342 et
141 2282 234 2342 omnia
254 2297 328 2358 quae
350 2277 501 2338 velluntur.
530 2277 650 2338 nucleos
672 2277 701 2338 in
722 2287 853 2355 segetem
877 2296 914 2337 ne
933 2278 1077 2340 indideris.

64 2365 242 2442 evergillus
258 2373 286 2422 et
301 2363 358 2422 lino
375 2371 504 2439 segetem
527 2361 609 2422 exuri
629 2370 659 2422 et
678 2379 768 2424 auena
790 2371 818 2422 et
838 2378 985 2440 papavere
1006 2361 1078 2422 arbi·

13 2495 14 2498 ι
97 2457 195 2510 trane.
972 2479 975 2486 v

12 2595 13 2600 ,
160 2528 221 2610 (8.)
244 2528 354 2590 Fimeta
371 2529 423 2590 sub
438 2529 485 2590 diu
500 2545 628 2591 concavo
645 2530 710 2590 loco
732 2501 823 2609 etqui
845 2547 971 2592 umorem
993 2529 1075 2592 colli·
1063 2539 1120 2594 -57

12 2601 14 2670 l
95 2625 161 2692 gat,
185 2622 341 2674 stramento
357 2614 480 2688 intecta,
501 2631 538 2673 ne
554 2616 583 2672 in
599 2613 663 2674 sole
681 2623 829 2690 arescant,
855 2615 922 2693 palo
937 2633 954 2674 e
971 2614 1078 2676 robore

12 2739 13 2742 κ
94 2700 222 2776 depacto
241 2697 302 2756 beri
319 2696 425 2757 iubent.
455 2697 493 2754 ita
515 2696 578 2755 lore
600 2715 637 2756 ne
651 2698 832 2758 innascantur
847 2698 899 2771 bis
914 2708 1077 2776 serpentes.

61 2797 87 2836 so
97 2781 206 2842 Flauum
221 2782 328 2840 inicere
344 2789 439 2840 terrae
454 2778 611 2856 plurumum
624 2779 714 2840 refert
730 2779 845 2840 laconio
863 2780 948 2840 llantc
964 2798 998 2840 ao
1013 2781 1078 2840 luna

97 2864 220 2924 sitiente.
260 2863 287 2922 id
303 2864 433 2942 plerique
450 2873 538 2940 prave
555 2861 724 2938 intellegunt
739 2879 756 2920 a
770 2863 866 2922 favoni
887 2873 950 2924 ortu
971 2863 1077 2924 lacien-

97 2950 163 3009 dum
178 2965 212 3008 eo
226 2945 383 3006 Februario
399 2963 509 3035 mense
512 2951 635 3018 tantum
659 2961 722 3004 cum
737 2943 765 3002 id
781 2944 924 3023 pleraque
937 2953 999 3006 sata
1011 2946 1077 3006 aliis
1188 3011 1198 3024 .

12 2973 17 3114 i
96 3029 244 3110 postulent
258 3029 411 3090 mensibus.
442 3038 621 3107 quocumque
642 3036 772 3104 tempore
793 3029 892 3089 lacere
906 3027 1010 3101 libeat,
1028 3045 1076 3087 ou·

12 3119 13 3182 l
95 3113 214 3174 randum
228 3122 258 3172 ut
273 3112 308 3173 ab
325 3129 432 3172 occasu
454 3109 654 3210 aequinoctiali
675 3110 759 3170 llante
778 3120 864 3172 rento
885 3111 933 3170 fiat
954 3111 1076 3187 lunaque

12 3189 14 3272 l
61 3217 88 3258 ss
97 3199 288 3258 decrescente
301 3213 336 3255 ac
353 3196 441 3263 sicca
470 3196 568 3254 mirum
582 3193 611 3252 in
624 3193 735 3254 modum
751 3202 871 3270 augetur
880 3193 996 3254 ubertas
1008 3195 1076 3254 effe·

97 3291 219 3357 ctusque
234 3280 299 3344 eius
314 3277 515 3338 observatione
529 3277 588 3336 tali.

162 3365 210 3424 10.
228 3361 290 3439 (9.)
306 3359 343 3419 Et
354 3360 470 3421 abunde
479 3360 625 3438 praedicta
640 3361 751 3420 ratione
760 3359 833 3424 caelu
849 3347 989 3420 ac‘terrae
1001 3377 1074 3422 nunc
1085 3371 1119 3426 58

97 3448 135 3510 de
150 3445 194 3506 bis
207 3443 360 3506 arboribus
376 3443 492 3508 dicimus
509 3461 581 3521 quae
597 3461 663 3504 cure
678 3444 819 3506 bominum
834 3452 919 3521 atque
935 3452 995 3504 arte
1010 3463 1077 3524 pro·
