2534 3866
300 219 380 266 usu.
399 219 489 268 nuso.
506 221 603 266 xvur.
621 217 706 272 3-4.
723 207 838 293 (3-6.)
1031 215 1072 292 97

74 383 207 449 aratore,
235 374 298 434 sive
313 372 355 433 illi
381 373 482 434 eadem
509 391 577 433 cura
598 374 707 433 semina
725 375 886 440 tractabant
902 396 957 456 qua
981 379 1071 460 bella,

75 458 236 536 eademque
252 457 401 533 diligentia
416 474 484 518 arva
499 456 693 535 disponebant
708 476 762 536 qua
780 469 885 536 castra,
903 453 968 521 sive'
983 463 1072 526 hone-

75 544 128 603 stis
143 541 273 602 manibus
287 542 381 600 omnia
396 541 499 600 laetius
517 541 705 619 proveniunt,
737 545 871 619 quoniam
886 552 915 605 et
932 547 1072 610 curiosius

74 626 154 686 liunt.
186 626 339 685 serentem
366 625 537 684 inuenerunt
558 624 622 685 dati·
641 624 769 685 honores
797 629 968 705 Serranum,
995 632 1117 699 undeno

51 711 102 778 sei
118 719 148 770 et
163 724 334 786 cognomen.
353 711 442 768 aranti
458 715 593 786 quattuor
607 725 658 767 sua
672 710 774 786 iugera
787 712 815 769 in
828 710 980 788 Vaticano,
998 732 1072 792 quae

74 803 158 873 prata
180 793 311 867 Quinctia
333 792 527 872 appellantur,
547 789 717 852 Cincinnato
736 795 830 854 uiator
846 796 938 856 attulit
954 797 1073 859 dictatu⁴

74 895 150 952 ram,
177 876 353 955 etquidem,
373 885 403 936 ut
418 875 554 950 traditur,
575 875 651 936 nudo
666 876 814 956 plenoque
834 881 913 939 nunti
928 880 1073 943 laborum:

73 960 142 1020 vela
158 977 281 1039 corpus,
302 961 407 1039 inquit,
431 969 461 1019 ut
474 960 623 1038 proferam
638 970 755 1020 senatus
776 951 937 1041 populique
953 963 1074 1027 Romani

73 1045 216 1105 mandata.
249 1043 337 1105 Tales
357 1053 415 1103 tum
436 1045 522 1102 etiam
539 1044 669 1104 viatores
689 1055 785 1122 erant,
808 1048 885 1123 quod
907 1049 1000 1126 ipsum
1019 1067 1069 1111 no·v
1081 1060 1116 1115 21

41 1147 141 1199 tomen
158 1129 274 1188 inditum
296 1137 341 1187 est
360 1128 482 1187 subinde
504 1135 588 1187 etex
608 1129 686 1204 agris
709 1139 839 1190 senatum
859 1130 1006 1213 ducesque
1030 1152 1073 1194 ar·

73 1213 268 1274 cessentibus.
297 1221 326 1284 at
337 1229 413 1298 nunc
431 1212 536 1272 eadem
551 1211 601 1280 illa
615 1213 703 1272 vincti
719 1213 828 1292 pedes,
853 1214 1002 1276 damnatae
1016 1235 1073 1278 ma·

71 1315 126 1358 nus
141 1297 328 1375 inscriptique
343 1296 439 1357 voltus
455 1305 610 1372 exercent,
631 1306 760 1358 nontam
775 1299 862 1358 surda
876 1300 982 1360 tellure
998 1319 1072 1380 quae

71 1398 181 1461 parens
198 1380 362 1460 appellatur
383 1381 498 1459 colique
521 1381 623 1441 dicitur
647 1383 711 1460 ipsa
726 1382 837 1442 honore
851 1383 894 1443 his
909 1383 1071 1464 absumpto,

73 1476 102 1526 ut
118 1481 178 1526 non
192 1465 278 1524 invita
295 1482 329 1525 ea
345 1473 374 1524 et
394 1465 539 1542 indignata
555 1465 690 1525 credatur
706 1465 734 1526 id
752 1467 824 1526 lieri.
854 1469 907 1528 sed
920 1462 975 1528 nos
987 1471 1072 1530 mira·

43 1567 137 1616 15mur
152 1549 363 1625 ergastulorum
382 1566 440 1609 non
455 1549 557 1609 eadem
577 1549 768 1610 emolumenta
791 1567 857 1610 esse
875 1569 948 1629 quae
970 1552 1074 1614 luerint

72 1636 288 1714 imperatorum.
1078 1639 1081 1646 ⁴

14 1705 15 1726 ¹
137 1717 200 1795 (5.)
223 1715 313 1794 lgitur
338 1717 374 1776 de
404 1717 514 1778 cultura
539 1717 602 1794 agri
626 1715 799 1795 praecipere
816 1716 990 1794 'principale
1022 1718 1116 1785 luitha

73 1805 160 1864 etiam
178 1802 253 1880 apud
274 1808 410 1875 exteros,
433 1799 573 1878 siquidem
594 1809 623 1859 et
640 1817 728 1876 reges
743 1798 861 1874 iecere,
881 1798 987 1875 Hiero,
1009 1801 1072 1862 l'hi·

74 1887 200 1947 lometor
220 1884 351 1960 Attalus,
373 1882 546 1957 Archelaus,
569 1891 598 1942 ct
618 1884 719 1959 duces,
735 1881 899 1962 Xenophon
915 1893 944 1944 et
958 1883 1073 1946 Poenus

15 1991 16 2010 ι
45 1973 161 2032 aetiam
176 1967 279 2044 Mago,
301 1970 346 2028 cui
363 1967 477 2046 quidem
496 1975 603 2027 tantum
618 1967 758 2027 honorem
774 1976 889 2027 senatus
909 1972 1009 2029 noster
1024 1970 1073 2030 ha·-

16 2023 19 2120 ),
75 2055 136 2116 buit
157 2051 333 2127 Carthagine
352 2061 437 2129 napta
458 2060 504 2126 ut,
532 2068 595 2109 cunr
617 2049 727 2127 regulis
741 2049 859 2110 Africae
881 2051 1072 2114 bibliothecas

17 2151 18 2156 ’
75 2140 215 2212 donaret,
237 2137 320 2194 umus
341 2136 404 2194 eius
418 2134 629 2210 duodetriginta
647 2132 792 2193 volumina
807 2144 942 2194 censeret
956 2139 984 2194 in
999 2136 1071 2197 Lati·

75 2241 139 2284 uam
156 2221 283 2298 linguam
297 2217 514 2293 transferenda,
539 2235 602 2278 curn
616 2218 671 2276 iam
685 2214 724 2276 bl.
742 2214 813 2275 Cato
829 2227 988 2295 praecepta
1005 2236 1071 2278 cou-

75 2307 215 2379 didisset,
243 2304 403 2383 peritisque
420 2302 527 2362 Punice
546 2301 667 2362 dandum
685 2301 848 2377 negotium,
868 2302 970 2380 inquo
988 2315 1116 2379 prae-na

48 2416 69 2455 rs
78 2391 169 2459 cessit
190 2389 282 2447 omnis
301 2387 346 2446 vir
366 2387 543 2446 clarissimae
565 2385 689 2445 familiae
706 2381 742 2442 D.
759 2385 882 2463 Silanus.
915 2386 1072 2464 sapientiae

76 2490 148 2534 vero
167 2481 302 2532 auctores
321 2479 351 2530 et
364 2469 536 2530 carminibus
554 2468 726 2529 excellentis
741 2470 847 2547 quique
868 2468 916 2532 alii
938 2469 1073 2538 inlustres

75 2559 129 2618 viri
146 2556 372 2635 composuissent
386 2570 459 2632 quos
474 2570 662 2631 sequeremur
678 2555 893 2630 praetexuimus
908 2551 965 2614 hoo
981 2557 1008 2614 in
1021 2571 1072 2613 vo·

77 2640 201 2716 lumine,
227 2657 284 2699 non
304 2639 332 2697 iu
345 2656 438 2715 grege
458 2636 628 2696 nominando
650 2634 687 2694 bl.
703 2634 835 2696 Varrone
856 2638 905 2714 qui
926 2639 1072 2715 octogesi-

76 2743 152 2786 mum
167 2725 287 2802 primum
299 2723 376 2782 vitae
394 2739 494 2782 annum
510 2736 600 2794 agens
613 2720 650 2779 de
664 2734 699 2777 ea
714 2736 746 2778 re
762 2720 938 2797 prodendum
954 2722 1071 2798 putauit.

51 2833 71 2877 to
138 2809 171 2868 4.
192 2806 278 2885 Apud
292 2805 437 2865 Romanos
456 2800 546 2862 multo
563 2803 657 2861 serior
677 2801 773 2860 uitium
795 2803 905 2864 cultura
921 2821 988 2862 esse
1005 2813 1117 2866 coe-td

79 2895 138 2970 pit,
159 2893 331 2970 primoque,
353 2896 382 2948 ut
398 2903 522 2948 necesse
538 2894 616 2959 erat,
639 2902 707 2944 arva
723 2893 829 2944 tantum
842 2885 976 2965 coluere,
1002 2904 1072 2963 quo·
1123 2875 1129 2890 ‘

79 2994 141 3036 rum
157 2994 173 3035 a
189 2975 273 3035 nobis
294 2991 369 3032 nunc
387 2972 460 3056 ratip
482 2969 650 3031 tractabitur
663 2986 720 3028 non
736 2968 848 3046 volgari
862 2969 947 3029 modo
963 2987 1072 3044 verum,

80 3069 110 3119 ut
132 3059 225 3120 adhuc
247 3059 386 3131 lecimus,
407 3063 437 3113 et
456 3055 578 3115 vetustis
598 3061 626 3112 et
648 3061 751 3130 postea
774 3053 897 3113 inventis
913 3054 989 3112 ornni
1005 3069 1073 3111 cura

80 3143 249 3222 perquisitis
269 3157 413 3218 causaque
430 3152 525 3197 rerum
547 3147 577 3197 et
599 3138 709 3198 ratione
731 3137 813 3196 simul
828 3146 918 3197 eruta.
949 3136 1110 3201 dice-anas

52 3245 143 3288 armus
159 3236 189 3286 et
204 3226 300 3285 sidera
321 3225 504 3300 siderumque
523 3223 650 3300 ipsorum
673 3222 822 3281 terrestria
843 3222 925 3297 signa
946 3219 1073 3280 dabimus

82 3309 255 3386 indubitata,
282 3305 511 3386 quandoquidem
532 3307 580 3383 qui
605 3305 696 3365 adhuc
721 3305 884 3382 diligentius
913 3322 948 3363 aa
969 3313 1072 3365 tracta·

81 3411 153 3454 vere
173 3393 321 3474 quibusvis
342 3393 437 3468 potius
457 3405 542 3468 quarn
563 3387 698 3466 agricolis
718 3389 871 3466 scripsisse
892 3395 1013 3465 possunt
1032 3389 1072 3447 vi·

83 3477 156 3536 deri.
197 3478 259 3556 (6.)
274 3493 309 3536 nc
324 3476 443 3553 primum
458 3473 579 3532 omnium
594 3471 718 3533 oraculis
734 3473 842 3532 maiore
856 3481 987 3550 exparte
1001 3481 1116 3548 age-25
1192 3559 1196 3568 Ι

124 3582 193 3620 num.
208 3582 269 3620 nar.
285 3581 352 3619 rusa.
369 3561 413 3617 lll.
893 3557 911 3615 7

1234 542 1235 596 l

1234 620 1236 678 l
